{
    "popular":{
       "items_last_week":[
          {
             "id":"2833226",
             "item":"Avada | Responsive Multi-Purpose Theme",
             "url":"https://themeforest.net/item/avada-responsive-multipurpose-theme/2833226",
             "user":"ThemeFusion",
             "thumbnail":"https://s3.envato.com/files/254543855/Thumbnail.jpg",
             "sales":"1548",
             "rating":"5.0",
             "rating_decimal":"4.77",
             "cost":"60.00",
             "uploaded_on":"Thu Aug 16 01:28:46 +1000 2012",
             "last_update":"Mon Oct 01 04:20:42 +1000 2018",
             "tags":"blog, business, clean, corporate, creative, ecommerce, modern, multipurpose, one page, photography, portfolio, responsive, retina, woocommerce, wordpress",
             "category":"wordpress/corporate",
             "live_preview_url":"https://s3.envato.com/files/254543856/screenshots/00_preview.__large_preview.jpg"
          },
          {
             "id":"7758048",
             "item":"BeTheme - Responsive Multi-Purpose WordPress Theme",
             "url":"https://themeforest.net/item/betheme-responsive-multipurpose-wordpress-theme/7758048",
             "user":"muffingroup",
             "thumbnail":"https://s3.envato.com/files/254945433/betheme-small-preview.png",
             "sales":"785",
             "rating":"5.0",
             "rating_decimal":"4.81",
             "cost":"59.00",
             "uploaded_on":"Wed May 21 01:35:51 +1000 2014",
             "last_update":"Fri Oct 05 22:35:39 +1000 2018",
             "tags":"boxed, business, content builder, corporate, creative, full width, mega menu, multi-purpose, multilingual, theme options, visual composer, woocommerce, wordpress, wpml",
             "category":"wordpress/corporate/business",
             "live_preview_url":"https://s3.envato.com/files/254945434/01_betheme.__large_preview.png"
          },
          {
             "id":"5556590",
             "item":"The7 — Multi-Purpose Website Building Toolkit for WordPress",
             "url":"https://themeforest.net/item/the7-responsive-multipurpose-wordpress-theme/5556590",
             "user":"Dream-Theme",
             "thumbnail":"https://s3.envato.com/files/237739549/thumbnail_v.6.0.0.png",
             "sales":"714",
             "rating":"5.0",
             "rating_decimal":"4.76",
             "cost":"39.00",
             "uploaded_on":"Wed Sep 11 09:58:20 +1000 2013",
             "last_update":"Fri Sep 14 00:06:16 +1000 2018",
             "tags":"business, corporate, creative, custom layout, customizable, fluid, ios, mobile, photography, portfolio, seo, ultimate addons, visual composer, woocommerce, wpbakery page builder",
             "category":"wordpress/corporate",
             "live_preview_url":"https://s3.envato.com/files/238067640/the7-preview-toolkit.__large_preview.png"
          },
          {
             "id":"6434280",
             "item":"Impreza – Multi-Purpose WordPress Theme",
             "url":"https://themeforest.net/item/impreza-retina-responsive-wordpress-theme/6434280",
             "user":"UpSolution",
             "thumbnail":"https://s3.envato.com/files/244406189/impreza_tnail.png",
             "sales":"562",
             "rating":"5.0",
             "rating_decimal":"4.89",
             "cost":"29.00",
             "uploaded_on":"Fri Dec 20 04:27:28 +1100 2013",
             "last_update":"Fri Sep 14 00:49:45 +1000 2018",
             "tags":"blog, business, clean, corporate, creative, gallery, minimal, modern, photography, portfolio, slider, woocommerce, wordpress",
             "category":"wordpress/creative",
             "live_preview_url":"https://s3.envato.com/files/237832489/Preview/preview.__large_preview.jpg"
          },
          {
             "id":"5484319",
             "item":"Flatsome | Multi-Purpose Responsive WooCommerce Theme",
             "url":"https://themeforest.net/item/flatsome-multipurpose-responsive-woocommerce-theme/5484319",
             "user":"UX-themes",
             "thumbnail":"https://s3.envato.com/files/237659484/icon.png",
             "sales":"503",
             "rating":"5.0",
             "rating_decimal":"4.80",
             "cost":"59.00",
             "uploaded_on":"Tue Sep 03 08:36:25 +1000 2013",
             "last_update":"Tue Aug 28 16:58:31 +1000 2018",
             "tags":"builder, business, colorful, ecommerce, flat, mobile, modern, responsive, retina, shop, sticky header, touch sliders, woocommerce",
             "category":"wordpress/ecommerce/woocommerce",
             "live_preview_url":"https://s3.envato.com/files/223788050/themeforest-poster.__large_preview.png"
          },
          {
             "id":"4519990",
             "item":"Enfold - Responsive Multi-Purpose Theme",
             "url":"https://themeforest.net/item/enfold-responsive-multipurpose-theme/4519990",
             "user":"Kriesi",
             "thumbnail":"https://s3.envato.com/files/237909933/thumb.jpg",
             "sales":"466",
             "rating":"5.0",
             "rating_decimal":"4.83",
             "cost":"59.00",
             "uploaded_on":"Tue Apr 16 13:49:14 +1000 2013",
             "last_update":"Tue Jun 05 02:32:11 +1000 2018",
             "tags":"business, church, construction, corporate, ecommerce, fashion, hotel, multi purpose, one page, parallax, photography, portfolio, restaurant, retina, travel",
             "category":"wordpress/corporate/business",
             "live_preview_url":"https://s3.envato.com/files/126371989/1_preview.__large_preview.png"
          },
          {
             "id":"5871901",
             "item":"X | The Theme",
             "url":"https://themeforest.net/item/x-the-theme/5871901",
             "user":"THEMECO",
             "thumbnail":"https://s3.envato.com/files/247401498/x.png",
             "sales":"387",
             "rating":"5.0",
             "rating_decimal":"4.75",
             "cost":"45.00",
             "uploaded_on":"Fri Nov 22 10:43:30 +1100 2013",
             "last_update":"Tue Oct 09 03:47:06 +1100 2018",
             "tags":"blog, business, clean, corporate, creative, customizer, ecommerce, gallery, modern, multipurpose, photography, portfolio, professional",
             "category":"wordpress/miscellaneous",
             "live_preview_url":"https://s3.envato.com/files/254969349/01_featured.__large_preview.png"
          },
          {
             "id":"7315054",
             "item":"Bridge - Creative Multi-Purpose WordPress Theme",
             "url":"https://themeforest.net/item/bridge-creative-multipurpose-wordpress-theme/7315054",
             "user":"QODE",
             "thumbnail":"https://s3.envato.com/files/245043489/icon.png",
             "sales":"357",
             "rating":"5.0",
             "rating_decimal":"4.78",
             "cost":"59.00",
             "uploaded_on":"Thu Apr 03 15:13:07 +1100 2014",
             "last_update":"Tue Aug 28 22:40:48 +1000 2018",
             "tags":"agency, ajax, background video, blog, business, clean, creative, fullscreen, listing, modern, multi-purpose, parallax, portfolio",
             "category":"wordpress/creative",
             "live_preview_url":"https://s3.envato.com/files/245788465/01_bridge.__large_preview.png"
          },
          {
             "id":"5177775",
             "item":"Jupiter - Multi-Purpose Responsive Theme",
             "url":"https://themeforest.net/item/jupiter-multipurpose-responsive-theme/5177775",
             "user":"artbees",
             "thumbnail":"https://s3.envato.com/files/251392571/thumbnail.png",
             "sales":"321",
             "rating":"5.0",
             "rating_decimal":"4.76",
             "cost":"59.00",
             "uploaded_on":"Mon Jul 15 13:26:02 +1000 2013",
             "last_update":"Thu Aug 02 23:29:31 +1000 2018",
             "tags":"business, clean, corporate, creative, mega menu, multi purpose, one page, page builder, parallax, portfolio, responsive, seo, woocommerce, wordpress theme, wpml",
             "category":"wordpress/corporate",
             "live_preview_url":"https://s3.envato.com/files/251392572/preview.__large_preview.jpg"
          },
          {
             "id":"5489609",
             "item":"Newspaper",
             "url":"https://themeforest.net/item/newspaper/5489609",
             "user":"tagDiv",
             "thumbnail":"https://s3.envato.com/files/253353268/thumbnail.png",
             "sales":"314",
             "rating":"5.0",
             "rating_decimal":"4.85",
             "cost":"59.00",
             "uploaded_on":"Wed Sep 04 00:46:03 +1000 2013",
             "last_update":"Sat Sep 01 22:29:13 +1000 2018",
             "tags":"amp, article, bestseller, blog, editorial, fast and clean, jurnal, magazine, minimal responsive, news, newspaper, publishing, rating, review, simple theme paper",
             "category":"wordpress/blog-magazine/news-editorial",
             "live_preview_url":"https://s3.envato.com/files/253353269/preview-images/1.__large_preview.png"
          },
          {
             "id":"13373220",
             "item":"Uncode - Creative Multiuse WordPress Theme",
             "url":"https://themeforest.net/item/uncode-creative-multiuse-wordpress-theme/13373220",
             "user":"undsgn",
             "thumbnail":"https://s3.envato.com/files/240190951/thumb.png",
             "sales":"268",
             "rating":"5.0",
             "rating_decimal":"4.87",
             "cost":"59.00",
             "uploaded_on":"Wed Nov 04 07:06:15 +1100 2015",
             "last_update":"Wed Jul 25 17:49:38 +1000 2018",
             "tags":"agency, blog, corporate, creative, freelance, grid, isotope, magazine, masonry, modern, multi purpose, one page, parallax, portfolio, visual composer",
             "category":"wordpress/creative",
             "live_preview_url":"https://s3.envato.com/files/247709257/cover.__large_preview.png"
          },
          {
             "id":"4363266",
             "item":"Salient - Responsive Multi-Purpose Theme",
             "url":"https://themeforest.net/item/salient-responsive-multipurpose-theme/4363266",
             "user":"ThemeNectar",
             "thumbnail":"https://s3.envato.com/files/253434763/logo-v9.png",
             "sales":"259",
             "rating":"5.0",
             "rating_decimal":"4.80",
             "cost":"60.00",
             "uploaded_on":"Fri Mar 29 12:48:02 +1100 2013",
             "last_update":"Tue Sep 04 07:27:53 +1000 2018",
             "tags":"blog, business, clean, creative, css3, isotope, localization, minimal, modern, parallax, photography, portfolio, seo",
             "category":"wordpress/creative/portfolio",
             "live_preview_url":"https://s3.envato.com/files/253434764/new-theme-preview.__large_preview.png"
          },
          {
             "id":"16061685",
             "item":"TheGem - Creative Multi-Purpose High-Performance WordPress Theme",
             "url":"https://themeforest.net/item/thegem-creative-multipurpose-highperformance-wordpress-theme/16061685",
             "user":"CodexThemes",
             "thumbnail":"https://s3.envato.com/files/243389173/Thumbnail-1_3-v3-a-clean_classic.png",
             "sales":"230",
             "rating":"5.0",
             "rating_decimal":"4.80",
             "cost":"59.00",
             "uploaded_on":"Fri Aug 26 16:49:17 +1000 2016",
             "last_update":"Tue Oct 02 02:54:42 +1000 2018",
             "tags":"business theme, creative agency, creative portfolio, fashion store, fast loading, fullscreen, landing page, multi-purpose, one page, photography theme, responsive, retina, seo, visual composer, woocommerce shop",
             "category":"wordpress/creative",
             "live_preview_url":"https://s3.envato.com/files/243389174/preview-1_8_03_classic.__large_preview.jpg"
          },
          {
             "id":"4021469",
             "item":"Metronic - Responsive Admin Dashboard Template",
             "url":"https://themeforest.net/item/metronic-responsive-admin-dashboard-template/4021469",
             "user":"keenthemes",
             "thumbnail":"https://s3.envato.com/files/253473895/thumnail.jpg",
             "sales":"151",
             "rating":"5.0",
             "rating_decimal":"4.87",
             "cost":"35.00",
             "uploaded_on":"Wed Feb 13 18:18:20 +1100 2013",
             "last_update":"Tue Sep 04 05:36:39 +1000 2018",
             "tags":"admin, admin dashboard, admin template, admin themes, angular 6, AngularJS, bootstrap 4, google material design, material design, metro, metronic, premium admin templates, responsive, saas",
             "category":"site-templates/admin-templates",
             "live_preview_url":"https://s3.envato.com/files/239250453/preview/preview_01.__large_preview.jpg"
          },
          {
             "id":"7646339",
             "item":"REHub - Price Comparison, Affiliate Marketing, Multi Vendor Store, Community Theme",
             "url":"https://themeforest.net/item/rehub-directory-multi-vendor-shop-coupon-affiliate-theme/7646339",
             "user":"sizam",
             "thumbnail":"https://s3.envato.com/files/254880105/newlogo.png",
             "sales":"138",
             "rating":"5.0",
             "rating_decimal":"4.91",
             "cost":"59.00",
             "uploaded_on":"Thu May 22 12:37:13 +1000 2014",
             "last_update":"Thu Oct 04 18:29:40 +1000 2018",
             "tags":"adsense theme, affiliate theme, amazon wordpress, autoblog, buddypress, community, coupon theme, deal theme, directory wordpress, dokan, multi vendor, price comparison wordpress theme, review, user driven, woocommerce",
             "category":"wordpress/blog-magazine",
             "live_preview_url":"https://s3.envato.com/files/254880106/screens_wp/00_preview.__large_preview.png"
          },
          {
             "id":"6339019",
             "item":"Total - Responsive Multi-Purpose WordPress Theme",
             "url":"https://themeforest.net/item/total-responsive-multipurpose-wordpress-theme/6339019",
             "user":"WPExplorer",
             "thumbnail":"https://s3.envato.com/files/250902987/totaltheme_thumbnail_39.png",
             "sales":"134",
             "rating":"5.0",
             "rating_decimal":"4.85",
             "cost":"39.00",
             "uploaded_on":"Sat Dec 07 07:54:53 +1100 2013",
             "last_update":"Tue Sep 11 09:32:17 +1000 2018",
             "tags":"agency, blog, business, corporate, creative, modern, multipurpose, photography, portfolio, responsive, shop, store, visual composer, woocommerce, wordpress",
             "category":"wordpress/corporate/business",
             "live_preview_url":"https://s3.envato.com/files/250292459/screenshots/01_total.__large_preview.png"
          },
          {
             "id":"10860525",
             "item":"Kalium - Creative Theme for Professionals",
             "url":"https://themeforest.net/item/kalium-creative-theme-for-professionals/10860525",
             "user":"Laborator",
             "thumbnail":"https://s3.envato.com/files/253431842/thumb-2-2.png",
             "sales":"128",
             "rating":"5.0",
             "rating_decimal":"4.93",
             "cost":"60.00",
             "uploaded_on":"Mon Apr 06 06:15:10 +1000 2015",
             "last_update":"Wed Sep 26 01:29:13 +1000 2018",
             "tags":"agency, architecture, blog, clean, creative, ecommerce, kalium, minimal, modern, multipurpose, photography, portfolio, shop, shopping, woocommerce",
             "category":"wordpress/creative/portfolio",
             "live_preview_url":"https://s3.envato.com/files/254363856/preview/1_SCREENSHOT.__large_preview.jpg"
          },
          {
             "id":"3909293",
             "item":"Phlox Pro - Elementor MultiPurpose WordPress Theme",
             "url":"https://themeforest.net/item/lotus-flexible-multipurpose-responsive-wp-theme/3909293",
             "user":"averta",
             "thumbnail":"https://s3.envato.com/files/254729378/Thumb-29.png",
             "sales":"127",
             "rating":"4.5",
             "rating_decimal":"4.57",
             "cost":"29.00",
             "uploaded_on":"Mon Feb 18 18:30:24 +1100 2013",
             "last_update":"Sun Oct 07 23:39:27 +1100 2018",
             "tags":"agency, bitcoin, business, cryptocurrency, elementor, gutenberg, magazine, modern gallery, personal, photography, portfolio, post format, shop, woocommerce",
             "category":"wordpress/creative",
             "live_preview_url":"https://s3.envato.com/files/254729380/01_banner-29.__large_preview.png"
          },
          {
             "id":"20715590",
             "item":"XTRA - Multipurpose WordPress Theme + RTL",
             "url":"https://themeforest.net/item/xtra-responsive-multipurpose-wordpress-theme/20715590",
             "user":"Codevz",
             "thumbnail":"https://s3.envato.com/files/254061506/thumb23-2.png",
             "sales":"125",
             "rating":"5.0",
             "rating_decimal":"4.86",
             "cost":"19.00",
             "uploaded_on":"Tue Mar 06 07:19:43 +1100 2018",
             "last_update":"Tue Oct 09 01:44:54 +1100 2018",
             "tags":"architect interior design, barber beauty salon hair styling, Bitcoin cryptocurrency blockchain, business corporate cosultant advisor, construction building repair renovation, creative agency music studio, dentist medical sport gym caffe coffee tattoo, event & conference meeting, lawyer attorney law firm WPML, logistic transportation wedding GDPR, Minimal Photography portfolio gallery, personal blog metro magazine news, SEO digital marketing hosting industrial cleaning, startup saas mobile app landing one page, woocommerce shop store e-commerce",
             "category":"wordpress/corporate/business",
             "live_preview_url":"https://s3.envato.com/files/255080337/preview24.__large_preview.jpg"
          },
          {
             "id":"22634637",
             "item":"Contentberg - Blog & Content Marketing Theme",
             "url":"https://themeforest.net/item/contentberg-blog-content-marketing-theme/22634637",
             "user":"ThemeSphere",
             "thumbnail":"https://s3.envato.com/files/255016844/avatar-49.png",
             "sales":"124",
             "rating":"5.0",
             "rating_decimal":"5.00",
             "cost":"49.00",
             "uploaded_on":"Fri Sep 28 07:22:22 +1000 2018",
             "last_update":"Mon Oct 08 01:00:23 +1100 2018",
             "tags":"article, blog, blogging, clean, content marketing, editorial, gutenberg, magazine, modern, news, publishing, writing",
             "category":"wordpress/blog-magazine/personal",
             "live_preview_url":"https://s3.envato.com/files/255016845/preview-49.__large_preview.jpg"
          },
          {
             "id":"9207399",
             "item":"Porto | Multi-Purpose Wordpress & Ultimate WooCommerce Theme",
             "url":"https://themeforest.net/item/porto-responsive-wordpress-ecommerce-theme/9207399",
             "user":"p-themes",
             "thumbnail":"https://s3.envato.com/files/255102114/Thumb-Sale.png",
             "sales":"122",
             "rating":"5.0",
             "rating_decimal":"4.90",
             "cost":"29.00",
             "uploaded_on":"Wed Mar 25 09:27:54 +1100 2015",
             "last_update":"Tue Oct 09 18:11:03 +1100 2018",
             "tags":"bootstrap 4, business, ecommerce, fast woocommerce theme, mobile responsive ready, multipurpose, portfolio, responsive, responsive woocommerce theme, retina, rtl, shop, woocommerce, woocommerce theme, wordpress woocommerce theme",
             "category":"wordpress/ecommerce/woocommerce",
             "live_preview_url":"https://s3.envato.com/files/255102115/Preview-Sale.__large_preview.png"
          },
          {
             "id":"9228123",
             "item":"Canvas | The Multi-Purpose HTML5 Template",
             "url":"https://themeforest.net/item/canvas-the-multipurpose-html5-template/9228123",
             "user":"SemiColonWeb",
             "thumbnail":"https://s3.envato.com/files/239886021/small-5.jpg",
             "sales":"105",
             "rating":"5.0",
             "rating_decimal":"4.84",
             "cost":"17.00",
             "uploaded_on":"Wed Oct 22 17:39:38 +1100 2014",
             "last_update":"Mon Oct 01 23:53:09 +1000 2018",
             "tags":"bootstrap, business, car, construction, corporate, ecommerce, event, hosting, landing, magazine, medical, music, real-estate, shop, travel",
             "category":"site-templates/corporate",
             "live_preview_url":"https://s3.envato.com/files/239886519/screenshots/01_preview.__large_preview.jpg"
          },
          {
             "id":"12945398",
             "item":"Soledad - Multi-Concept Blog/Magazine/News AMP WordPress Theme",
             "url":"https://themeforest.net/item/soledad-multiconcept-blogmagazine-wp-theme/12945398",
             "user":"PenciDesign",
             "thumbnail":"https://s3.envato.com/files/254020752/soledad-thumb-6.png",
             "sales":"95",
             "rating":"5.0",
             "rating_decimal":"4.87",
             "cost":"59.00",
             "uploaded_on":"Sun Nov 15 12:39:09 +1100 2015",
             "last_update":"Thu Oct 04 02:25:10 +1000 2018",
             "tags":"blog, blogging, clean, creative, fashion, food, instagram, lifestyle, magazine, modern, news, personal, rating, travel",
             "category":"wordpress/blog-magazine/personal",
             "live_preview_url":"https://s3.envato.com/files/254723771/soledad-preview-6.__large_preview.jpg"
          },
          {
             "id":"9553045",
             "item":"Shopkeeper - eCommerce WP Theme for WooCommerce",
             "url":"https://themeforest.net/item/shopkeeper-ecommerce-wp-theme-for-woocommerce/9553045",
             "user":"getbowtied",
             "thumbnail":"https://s3.envato.com/files/254609114/shopkeeper-thumb.png",
             "sales":"93",
             "rating":"4.5",
             "rating_decimal":"4.63",
             "cost":"69.00",
             "uploaded_on":"Fri Nov 28 06:45:34 +1100 2014",
             "last_update":"Tue Oct 02 17:07:36 +1000 2018",
             "tags":"cart, ecommerce, gutenberg, page builder, portfolio, responsive, retailer, shop, shopkeeper, store, vendor, visual composer, woocommerce",
             "category":"wordpress/ecommerce/woocommerce",
             "live_preview_url":"https://s3.envato.com/files/254609116/theme_preview_590_300_large_preview.__large_preview.jpg"
          },
          {
             "id":"20264492",
             "item":"WoodMart - Responsive WooCommerce WordPress Theme",
             "url":"https://themeforest.net/item/woodmart-woocommerce-wordpress-theme/20264492",
             "user":"xtemos",
             "thumbnail":"https://s3.envato.com/files/254581986/thumbnail.png",
             "sales":"92",
             "rating":"5.0",
             "rating_decimal":"4.95",
             "cost":"59.00",
             "uploaded_on":"Fri Aug 25 01:38:05 +1000 2017",
             "last_update":"Tue Oct 02 00:45:04 +1000 2018",
             "tags":"ajax filters, ajax search, dokan, dummy content, ecommerce, electronics, fashion, minimalism, responsive theme, retina ready, shop, store, swatches, woocommerce, wordpress theme",
             "category":"wordpress/ecommerce/woocommerce",
             "live_preview_url":"https://s3.envato.com/files/254581987/theme-preview.__large_preview.jpg"
          },
          {
             "id":"4091658",
             "item":"KALLYAS - Creative eCommerce Multi-Purpose WordPress Theme",
             "url":"https://themeforest.net/item/kallyas-responsive-multipurpose-wordpress-theme/4091658",
             "user":"hogash",
             "thumbnail":"https://s3.envato.com/files/251158882/kallyas-vs416__.png",
             "sales":"92",
             "rating":"4.5",
             "rating_decimal":"4.70",
             "cost":"69.00",
             "uploaded_on":"Sat Feb 23 02:39:59 +1100 2013",
             "last_update":"Wed Sep 12 00:36:12 +1000 2018",
             "tags":"agency, business, creative, dental medical care clinic, ecommerce, fashion magazine, graphic designer, health insurance, interior furniture, minimal portfolio, news blog hosting, personal trainer, real estate, retail shop, seo freelancer",
             "category":"wordpress/creative",
             "live_preview_url":"https://s3.envato.com/files/251832736/kallyas-wordpress-theme-4.16.__large_preview.jpg"
          },
          {
             "id":"15752549",
             "item":"Houzez - Real Estate WordPress Theme",
             "url":"https://themeforest.net/item/houzez-real-estate-wordpress-theme/15752549",
             "user":"favethemes",
             "thumbnail":"https://s3.envato.com/files/253991596/thumbnail.jpg",
             "sales":"91",
             "rating":"5.0",
             "rating_decimal":"4.84",
             "cost":"59.00",
             "uploaded_on":"Wed Jun 15 18:08:36 +1000 2016",
             "last_update":"Tue Sep 18 06:07:32 +1000 2018",
             "tags":"advanced search, advanced search filters, agents management, autocomplete search suggestions, custom fields, drag & drop, frontend property submission, geolocation, idx, membership system, payments, property management system, radius search, real estate, responsive",
             "category":"wordpress/real-estate",
             "live_preview_url":"https://s3.envato.com/files/253991600/preview/preview_01.__large_preview.jpg"
          },
          {
             "id":"19386460",
             "item":"ListingPro - WordPress Directory Theme",
             "url":"https://themeforest.net/item/listingpro-multipurpose-directory-theme/19386460",
             "user":"CridioStudio",
             "thumbnail":"https://s3.envato.com/files/254498137/thumb.png",
             "sales":"87",
             "rating":"5.0",
             "rating_decimal":"4.75",
             "cost":"69.00",
             "uploaded_on":"Thu Apr 20 03:44:51 +1000 2017",
             "last_update":"Sat Sep 29 09:17:40 +1000 2018",
             "tags":"best wordpress directory theme, best yelp clone script, business directory software, directory software wordpress, wordpress directory theme, yellow pages script",
             "category":"wordpress/corporate/directory-listings",
             "live_preview_url":"https://s3.envato.com/files/254498138/preview.__large_preview.jpg"
          },
          {
             "id":"14058034",
             "item":"Education WordPress Theme | Education WP",
             "url":"https://themeforest.net/item/education-wordpress-theme-education-wp/14058034",
             "user":"ThimPress",
             "thumbnail":"https://s3.envato.com/files/253326165/edumalogo-3-5.png",
             "sales":"86",
             "rating":"5.0",
             "rating_decimal":"4.85",
             "cost":"69.00",
             "uploaded_on":"Tue Dec 22 10:04:15 +1100 2015",
             "last_update":"Wed Oct 03 12:52:47 +1000 2018",
             "tags":"academy, coursera, education, education wordpress theme, elearning, learning, learning management system, lms, teaching, training, training center, udemy, university, wordpress education theme, wp lms",
             "category":"wordpress/education",
             "live_preview_url":"https://s3.envato.com/files/254645372/01_preview_eduma.__large_preview.png"
          },
          {
             "id":"19659555",
             "item":"Jannah News - Newspaper Magazine News AMP BuddyPress",
             "url":"https://themeforest.net/item/jannah-wordpress-news-magazine-theme/19659555",
             "user":"TieLabs",
             "thumbnail":"https://s3.envato.com/files/254964663/jannah-3-icon.png",
             "sales":"83",
             "rating":"5.0",
             "rating_decimal":"4.79",
             "cost":"44.00",
             "uploaded_on":"Mon Jun 19 23:15:17 +1000 2017",
             "last_update":"Sat Oct 06 03:50:34 +1000 2018",
             "tags":"adsense, amp, bbpress, bestseller, blog, buddypress, gutenberg, magazine, minimal, news, news magazine, news theme, newspaper, rtl, woocommerce",
             "category":"wordpress/blog-magazine/news-editorial",
             "live_preview_url":"https://s3.envato.com/files/254964664/ScreenShots/01_preview1-.__large_preview.png"
          },
          {
             "id":"18389593",
             "item":"Fastor - Multipurpose Shopify Sections Theme",
             "url":"https://themeforest.net/item/fastor-multipurpose-responsive-shopify-theme/18389593",
             "user":"roartheme",
             "thumbnail":"https://s3.envato.com/files/248475688/thumb.png",
             "sales":"78",
             "rating":"5.0",
             "rating_decimal":"4.93",
             "cost":"56.00",
             "uploaded_on":"Tue Oct 25 12:29:20 +1100 2016",
             "last_update":"Wed Sep 26 15:31:58 +1000 2018",
             "tags":"clothing shopify themes, fashion shopify themes, fashion store, furniture shopify themes, minimal shopify themes, multi purpose shopify themes, multipurpose, responsive, rtl, shoes store, shopify sections, shopify template, shopify templates, shopify theme, Shopping Store",
             "category":"ecommerce/shopify/fashion",
             "live_preview_url":"https://s3.envato.com/files/250715424/preview.__large_preview.jpg"
          },
          {
             "id":"15720624",
             "item":"Electro Electronics Store WooCommerce Theme",
             "url":"https://themeforest.net/item/electro-electronics-store-woocommerce-theme/15720624",
             "user":"madrasthemes",
             "thumbnail":"https://s3.envato.com/files/253402322/electro.png",
             "sales":"70",
             "rating":"5.0",
             "rating_decimal":"4.81",
             "cost":"59.00",
             "uploaded_on":"Fri May 27 11:54:14 +1000 2016",
             "last_update":"Tue Sep 18 00:13:31 +1000 2018",
             "tags":"affiliates, amazon affiliate, amazon like, commerce, dokan, ecommerce, Electronic store, electronics, electronics theme, flipkart like, megamenu, multi vendor, multivendor, retail, vertical menu",
             "category":"wordpress/ecommerce/woocommerce",
             "live_preview_url":"https://s3.envato.com/files/253501903/00-Preview.__large_preview.jpg"
          },
          {
             "id":"20593226",
             "item":"MyListing - Directory & Listing WordPress Theme",
             "url":"https://themeforest.net/item/mylisting-directory-listing-wordpress-theme/20593226",
             "user":"27collective",
             "thumbnail":"https://s3.envato.com/files/254253837/thumb.png",
             "sales":"67",
             "rating":"5.0",
             "rating_decimal":"4.91",
             "cost":"59.00",
             "uploaded_on":"Tue Oct 17 00:37:21 +1100 2017",
             "last_update":"Sat Sep 22 23:29:14 +1000 2018",
             "tags":"business directory, car dealer, city guide, classified, directory, elementor, events, hotel booking, jobs, listing, local business, maps, marketplace, real estate, rent",
             "category":"wordpress/corporate/directory-listings",
             "live_preview_url":"https://s3.envato.com/files/254253839/01_banner.__large_preview.jpg"
          },
          {
             "id":"13739153",
             "item":"Massive Dynamic - WordPress Website Builder",
             "url":"https://themeforest.net/item/massive-dynamic-wordpress-website-builder/13739153",
             "user":"Pixflow",
             "thumbnail":"https://s3.envato.com/files/246150878/icon-version6.png",
             "sales":"65",
             "rating":"4.5",
             "rating_decimal":"4.52",
             "cost":"39.00",
             "uploaded_on":"Tue Apr 26 23:55:05 +1000 2016",
             "last_update":"Wed Oct 03 17:08:56 +1000 2018",
             "tags":"agency, agency wordpress, app, business, Business Agency, business consulting, business wordpress, creative, live builder, page builder, resume, seo, visual composer, website builder",
             "category":"wordpress/corporate",
             "live_preview_url":"https://s3.envato.com/files/246150879/inline-version6.__large_preview.jpg"
          },
          {
             "id":"8819050",
             "item":"Stockholm - A Genuinely Multi-Concept Theme",
             "url":"https://themeforest.net/item/stockholm-a-genuinely-multiconcept-theme/8819050",
             "user":"Select-Themes",
             "thumbnail":"https://s3.envato.com/files/230681488/icon.png",
             "sales":"64",
             "rating":"4.5",
             "rating_decimal":"4.73",
             "cost":"59.00",
             "uploaded_on":"Sat Sep 13 09:04:11 +1000 2014",
             "last_update":"Sat Jul 14 01:23:15 +1000 2018",
             "tags":"agency, ajax, blog, business, clean, design, elegant, fullscreen, modern, multi-purpose, photography, portfolio, shop, stylish, white",
             "category":"wordpress/creative",
             "live_preview_url":"https://s3.envato.com/files/242390328/00_preview.__large_preview.png"
          },
          {
             "id":"15780546",
             "item":"XStore | Responsive Multi-Purpose WooCommerce WordPress Theme",
             "url":"https://themeforest.net/item/xstore-responsive-woocommerce-theme/15780546",
             "user":"8theme",
             "thumbnail":"https://s3.envato.com/files/253967316/Icon.png",
             "sales":"63",
             "rating":"5.0",
             "rating_decimal":"4.85",
             "cost":"59.00",
             "uploaded_on":"Thu Jun 16 05:39:50 +1000 2016",
             "last_update":"Thu Oct 04 17:56:50 +1000 2018",
             "tags":"clean, ecommerce, electronic, fashion, furniture, modern, multipurpose, portfolio, responsive, shop, shopping, store, woocommerce, wordpress",
             "category":"wordpress/ecommerce/woocommerce",
             "live_preview_url":"https://s3.envato.com/files/253967611/XStore_Theme_Preview/Preview.__large_preview.jpg"
          },
          {
             "id":"9545812",
             "item":"Oshine - Multipurpose Creative Theme",
             "url":"https://themeforest.net/item/oshine-creative-multipurpose-wordpress-theme/9545812",
             "user":"brandexponents",
             "thumbnail":"https://s3.envato.com/files/253634584/oshine-thumb.jpg",
             "sales":"63",
             "rating":"5.0",
             "rating_decimal":"4.82",
             "cost":"59.00",
             "uploaded_on":"Thu Dec 04 05:11:03 +1100 2014",
             "last_update":"Wed Oct 03 22:43:13 +1000 2018",
             "tags":"agency, business, clean, creative, creative theme, gallery, minimal, modern, one page, photography, portfolio, portfolio theme, professional, responsive, woocommerce",
             "category":"wordpress/creative/portfolio",
             "live_preview_url":"https://s3.envato.com/files/253634585/01_Preview.__large_preview.jpg"
          },
          {
             "id":"14493994",
             "item":"Bimber - Viral Magazine WordPress Theme",
             "url":"https://themeforest.net/item/bimber-viral-buzz-wordpress-theme/14493994",
             "user":"bringthepixel",
             "thumbnail":"https://s3.envato.com/files/253518710/80x80_v6_1_0.png",
             "sales":"60",
             "rating":"5.0",
             "rating_decimal":"4.82",
             "cost":"59.00",
             "uploaded_on":"Fri Feb 12 18:10:37 +1100 2016",
             "last_update":"Thu Sep 06 20:58:17 +1000 2018",
             "tags":"9gag, ads, affiliate marketing, buzzfeed, frontend uploader, poll, quiz, sharing, social media, viral, viral blog, viral content, viral magazine, viral news, viral theme",
             "category":"wordpress/blog-magazine/news-editorial",
             "live_preview_url":"https://s3.envato.com/files/251574527/wp_screenshots/01_Preview.__large_preview.png"
          },
          {
             "id":"22493247",
             "item":"Nels - An Exquisite eCommerce WordPress Theme",
             "url":"https://themeforest.net/item/nels-an-exquisite-ecommerce-wordpress-theme/22493247",
             "user":"PikartHouse",
             "thumbnail":"https://s3.envato.com/files/254509935/thumbnail.png",
             "sales":"59",
             "rating":"5.0",
             "rating_decimal":"4.75",
             "cost":"29.00",
             "uploaded_on":"Thu Sep 27 09:22:14 +1000 2018",
             "last_update":"Thu Oct 04 03:43:50 +1000 2018",
             "tags":"agency, business, creative, ecommerce, fashion magazine, minimal, mobile, modern, multipurpose, online store, parallax, portfolio, responsive, shop, woocommerce",
             "category":"wordpress/ecommerce/woocommerce",
             "live_preview_url":"https://s3.envato.com/files/254509936/nels-preview-images/01_image-preview.__large_preview.png"
          },
          {
             "id":"9725864",
             "item":"Porto | Ultimate Responsive Magento Theme",
             "url":"https://themeforest.net/item/porto-ultimate-responsive-magento-theme/9725864",
             "user":"p-themes",
             "thumbnail":"https://s3.envato.com/files/253436632/thumb_mg.png",
             "sales":"55",
             "rating":"5.0",
             "rating_decimal":"4.80",
             "cost":"99.00",
             "uploaded_on":"Wed Dec 10 07:43:47 +1100 2014",
             "last_update":"Mon Sep 17 19:00:17 +1000 2018",
             "tags":"bootstrap 4 magento theme, bootstrap4, bootstrap4 ecommerce theme, magento 2, Magento2, magento2 theme, mobile friendly, responsive, responsive magento theme, retina, unlimited colors",
             "category":"ecommerce/magento/shopping",
             "live_preview_url":"https://s3.envato.com/files/253409605/preview_mg.__large_preview.png"
          },
          {
             "id":"14740561",
             "item":"Consulting - Business, Finance WordPress Theme",
             "url":"https://themeforest.net/item/consulting-business-finance-wordpress-theme/14740561",
             "user":"StylemixThemes",
             "thumbnail":"https://s3.envato.com/files/253675623/icon_consulting.png",
             "sales":"55",
             "rating":"4.5",
             "rating_decimal":"4.67",
             "cost":"59.00",
             "uploaded_on":"Thu Feb 25 14:23:13 +1100 2016",
             "last_update":"Mon Sep 10 23:32:43 +1000 2018",
             "tags":"advisor, broker, brokerage, business, business wp, company, consulting, consulting wp, corporate, creative, finance, financial, insurance, trader, trading",
             "category":"wordpress/corporate/business",
             "live_preview_url":"https://s3.envato.com/files/253675633/00_consulting_590_demos.__large_preview.png"
          },
          {
             "id":"19016121",
             "item":"The Ark | WordPress Theme made for Freelancers",
             "url":"https://themeforest.net/item/the-ark/19016121",
             "user":"FRESHFACE",
             "thumbnail":"https://s3.envato.com/files/253845166/thumb20.png",
             "sales":"54",
             "rating":"5.0",
             "rating_decimal":"4.84",
             "cost":"29.00",
             "uploaded_on":"Mon Dec 05 21:06:41 +1100 2016",
             "last_update":"Tue Sep 18 22:22:19 +1000 2018",
             "tags":"agency, blog, business, clean, corporate, creative, magazine, multipurpose, one page, page builder, parallax, photography, portfolio, woocommerce",
             "category":"wordpress/corporate/business",
             "live_preview_url":"https://s3.envato.com/files/240014206/1.__large_preview.jpg"
          },
          {
             "id":"11776839",
             "item":"Ronneby - High-Performance WordPress Theme",
             "url":"https://themeforest.net/item/ronneby-highperformance-wordpress-theme/11776839",
             "user":"DFDevelopment",
             "thumbnail":"https://s3.envato.com/files/252766439/ronneby_thumb.png",
             "sales":"53",
             "rating":"5.0",
             "rating_decimal":"4.83",
             "cost":"49.00",
             "uploaded_on":"Tue Jun 23 11:58:37 +1000 2015",
             "last_update":"Mon Aug 20 22:05:12 +1000 2018",
             "tags":"blog, corporate, creative, fullscreen, hipster, mega menu, modern, multi-purpose, parallax, portfolio, restaurant, shop, trendy, vintage, visual composer",
             "category":"wordpress/creative",
             "live_preview_url":"https://s3.envato.com/files/252766440/01_preview1.__large_preview.jpg"
          },
          {
             "id":"13987211",
             "item":"Motors ­- Automotive, Car Dealership, Car Rental, Auto, Classified Ads, Listing WordPress Theme",
             "url":"https://themeforest.net/item/motors-automotive-cars-vehicle-boat-dealership-classifieds-wordpress-theme/13987211",
             "user":"StylemixThemes",
             "thumbnail":"https://s3.envato.com/files/250871741/Motors_icon_G42_.png",
             "sales":"52",
             "rating":"4.5",
             "rating_decimal":"4.53",
             "cost":"79.00",
             "uploaded_on":"Fri Dec 25 06:15:45 +1100 2015",
             "last_update":"Fri Sep 28 18:50:26 +1000 2018",
             "tags":"auto, automotive, car dealer, car dealership, car rental, car service, classified, classified ads, classified listing, dealership wordpress, listing, motorcycle, rent a car, vehicle listing, workshop",
             "category":"wordpress/corporate/directory-listings",
             "live_preview_url":"https://s3.envato.com/files/250871743/00_Motors_upd42.__large_preview.png"
          },
          {
             "id":"19337626",
             "item":"Stack Multi-Purpose HTML with Page Builder",
             "url":"https://themeforest.net/item/stack-multipurpose-html-with-page-builder/19337626",
             "user":"medium_rare",
             "thumbnail":"https://s3.envato.com/files/252289388/thumbnail.png",
             "sales":"50",
             "rating":"5.0",
             "rating_decimal":"4.85",
             "cost":"16.00",
             "uploaded_on":"Mon Jan 30 08:08:57 +1100 2017",
             "last_update":"Fri Aug 10 15:28:57 +1000 2018",
             "tags":"app, bootstrap, business, corporate, ecommerce, education, event, landing, marketing, multipurpose, page builder, personal, portfolio, saas, startup",
             "category":"site-templates/corporate",
             "live_preview_url":"https://s3.envato.com/files/252289389/stack-item-preview.__large_preview.png"
          },
          {
             "id":"5373914",
             "item":"Real Homes - WordPress Real Estate Theme",
             "url":"https://themeforest.net/item/real-homes-wordpress-real-estate-theme/5373914",
             "user":"InspiryThemes",
             "thumbnail":"https://s3.envato.com/files/237638709/realhomes-thumb-nov-2017.png",
             "sales":"50",
             "rating":"4.5",
             "rating_decimal":"4.67",
             "cost":"59.00",
             "uploaded_on":"Wed Aug 14 15:55:48 +1000 2013",
             "last_update":"Tue Oct 02 00:42:28 +1000 2018",
             "tags":"advanced search, agent, homes, houses, idx, listing, modern, openstreetmap, property, real estate, real estate agency, real estate agent, realtor, rent, sale",
             "category":"wordpress/real-estate",
             "live_preview_url":"https://s3.envato.com/files/246282771/rh-screenshots/01_preview.__large_preview.png"
          },
          {
             "id":"14728833",
             "item":"Jevelin Multi-Purpose Premium Responsive WordPress Theme",
             "url":"https://themeforest.net/item/jevelin-multipurpose-premium-responsive-wordpress-theme/14728833",
             "user":"Shufflehound",
             "thumbnail":"https://s3.envato.com/files/251207153/Jevelin_Tumbnail_4.png",
             "sales":"49",
             "rating":"4.5",
             "rating_decimal":"4.60",
             "cost":"59.00",
             "uploaded_on":"Wed Apr 27 13:15:24 +1000 2016",
             "last_update":"Fri Sep 21 00:34:39 +1000 2018",
             "tags":"agency, blog, corporate, ecommerce, fitness, gallery, landing, portfolio, premium, shop, template, trend, wordpress, wordpress responsive, wordpress theme",
             "category":"wordpress/creative",
             "live_preview_url":"https://s3.envato.com/files/251207154/Jevelin_Cover_3.__large_preview.png"
          },
          {
             "id":"22310459",
             "item":"Marketo - ECommerce & Multivendor A Woocommerce WordPress Theme",
             "url":"https://themeforest.net/item/marketo-ecommerce-multivendor-woocommerce-wordpress-theme/22310459",
             "user":"XpeedStudio",
             "thumbnail":"https://s3.envato.com/files/254143922/thumbnail.jpg",
             "sales":"49",
             "rating":"4.5",
             "rating_decimal":"4.73",
             "cost":"19.00",
             "uploaded_on":"Sat Jul 28 06:11:12 +1000 2018",
             "last_update":"Thu Oct 04 03:32:07 +1000 2018",
             "tags":"ecommerce, Electronic store, electronics, horizontal menu, megastore, modern, multi vendor, online shop, organic, retail, store, vertical menu",
             "category":"wordpress/ecommerce/woocommerce",
             "live_preview_url":"https://s3.envato.com/files/254483252/preview/00_preview.__large_preview.jpg"
          },
          {
             "id":"22486033",
             "item":"Gutentype | A Trendy Gutenberg WordPress Theme for Modern Blog",
             "url":"https://themeforest.net/item/gutentype-gutenberg-wordpress-blog-theme/22486033",
             "user":"AncoraThemes",
             "thumbnail":"https://s3.envato.com/files/255063333/Logo.png",
             "sales":"49",
             "rating":"5.0",
             "rating_decimal":"4.94",
             "cost":"29.00",
             "uploaded_on":"Wed Aug 22 01:18:51 +1000 2018",
             "last_update":"Mon Oct 08 19:14:14 +1100 2018",
             "tags":"blog, blogger, blogging, clean, creative, gdpr, gutenberg, journal, lifestyle, magazine, modern, personal, photography, simple, travel",
             "category":"wordpress/blog-magazine",
             "live_preview_url":"https://s3.envato.com/files/255062702/banner-28-sep.__large_preview.jpg"
          },
          {
             "id":"6221179",
             "item":"Brooklyn | Creative Multipurpose Responsive WordPress Theme",
             "url":"https://themeforest.net/item/brooklyn-responsive-multipurpose-wordpress-theme/6221179",
             "user":"UnitedThemes",
             "thumbnail":"https://s3.envato.com/files/254256638/brooklyn-thumbnail-wp.png",
             "sales":"48",
             "rating":"4.5",
             "rating_decimal":"4.65",
             "cost":"60.00",
             "uploaded_on":"Thu Nov 28 13:59:58 +1100 2013",
             "last_update":"Sun Sep 23 01:32:27 +1000 2018",
             "tags":"agency, blog, business, clean, corporate, creative, cryptocurrency, gaming, modern, one page, page builder, photography, portfolio, professional, shop",
             "category":"wordpress/creative/portfolio",
             "live_preview_url":"https://s3.envato.com/files/254256639/brooklyn-featured-image.__large_preview.jpg"
          },
          {
             "id":"20822517",
             "item":"PenNews - News/ Magazine/ Business/ Portfolio/Reviews Landing AMP WordPress Theme",
             "url":"https://themeforest.net/item/pennew-multiconcept-newsmagazine-amp-wordpress-theme/20822517",
             "user":"PenciDesign",
             "thumbnail":"https://s3.envato.com/files/254419653/pennewsv61.png",
             "sales":"48",
             "rating":"5.0",
             "rating_decimal":"4.93",
             "cost":"59.00",
             "uploaded_on":"Tue Apr 03 21:36:06 +1000 2018",
             "last_update":"Tue Oct 02 20:09:08 +1000 2018",
             "tags":"blog, clean, creative, fashion, food, instagram, magazine, modern, news, newspaper, rating, responsive, review, travel",
             "category":"wordpress/blog-magazine/news-editorial",
             "live_preview_url":"https://s3.envato.com/files/254419655/pennews-preview110.__large_preview.jpg"
          },
          {
             "id":"12931855",
             "item":"Fuse - Angular 6+ & AngularJS & Bootstrap 4 HTML Material Design Admin Template",
             "url":"https://themeforest.net/item/fuse-angularjs-material-design-admin-template/12931855",
             "user":"srcn",
             "thumbnail":"https://s3.envato.com/files/239095526/80x80.jpg",
             "sales":"47",
             "rating":"4.5",
             "rating_decimal":"4.73",
             "cost":"28.00",
             "uploaded_on":"Wed Sep 23 23:38:17 +1000 2015",
             "last_update":"Thu Aug 30 18:18:28 +1000 2018",
             "tags":"admin, admin dashboard, admin template, angular, angular 5, angular 6, angular material, AngularJS, backend, bootstrap 4, google material, html, material, material design, web app",
             "category":"site-templates/admin-templates",
             "live_preview_url":"https://s3.envato.com/files/239095527/00_preview.__large_preview.jpg"
          },
          {
             "id":"21514338",
             "item":"LeadEngine - Multi-Purpose WordPress Theme with Page Builder",
             "url":"https://themeforest.net/item/leadengine-multipurpose-wordpress-theme-with-page-builder/21514338",
             "user":"Key-Design",
             "thumbnail":"https://s3.envato.com/files/254713064/thumbnail.png",
             "sales":"47",
             "rating":"4.5",
             "rating_decimal":"4.72",
             "cost":"49.00",
             "uploaded_on":"Mon Mar 26 13:53:02 +1100 2018",
             "last_update":"Thu Aug 09 20:21:53 +1000 2018",
             "tags":"app landing page, beauty salon, business, computer repair, conference, coworking, creative agency, Life Coach, marketing agency, sales page, seo agency, software company, software showcase, startup landing page, truck",
             "category":"wordpress/corporate/business",
             "live_preview_url":"https://s3.envato.com/files/252251231/01_leadengine.__large_preview.png"
          },
          {
             "id":"22286689",
             "item":"Bomby - Creative Multi-Purpose WordPress Theme",
             "url":"https://themeforest.net/item/bomby-creative-multipurpose-wordpress-theme/22286689",
             "user":"tvdathemes",
             "thumbnail":"https://s3.envato.com/files/253647144/thumb.png",
             "sales":"46",
             "rating":"4.5",
             "rating_decimal":"4.50",
             "cost":"59.00",
             "uploaded_on":"Mon Sep 10 20:49:00 +1000 2018",
             "last_update":"Tue Oct 02 05:27:44 +1000 2018",
             "tags":"agency, blog, business, company, corporate, creative, modern, one page, photographer, portfolio, professional, shop, slider, woocommerce",
             "category":"wordpress/creative",
             "live_preview_url":"https://s3.envato.com/files/253647145/preview.__large_preview.jpg"
          },
          {
             "id":"6780226",
             "item":"WPLMS Learning Management System for WordPress, Education Theme",
             "url":"https://themeforest.net/item/wplms-learning-management-system/6780226",
             "user":"VibeThemes",
             "thumbnail":"https://s3.envato.com/files/237860758/wplms_icon_3_0.png",
             "sales":"45",
             "rating":"4.5",
             "rating_decimal":"4.50",
             "cost":"69.00",
             "uploaded_on":"Tue Feb 18 20:20:10 +1100 2014",
             "last_update":"Tue Sep 11 17:10:46 +1000 2018",
             "tags":"academy, course management, coursera, instrctor, learning management system, lms, mentoring, teaching, training centre, tutoring, udemy, university, wordpress education theme, WordPress Lms, wp lms",
             "category":"wordpress/education",
             "live_preview_url":"https://s3.envato.com/files/237860760/screenshots/01_preview1.__large_preview.jpg"
          },
          {
             "id":"3178575",
             "item":"Warehouse - Responsive Prestashop 1.6 & 1.7 theme",
             "url":"https://themeforest.net/item/warehouse-responsive-prestashop-16-theme-blog/3178575",
             "user":"iqit-commerce",
             "thumbnail":"https://s3.envato.com/files/236378288/SMALL.jpg",
             "sales":"43",
             "rating":"5.0",
             "rating_decimal":"4.84",
             "cost":"79.00",
             "uploaded_on":"Wed Oct 10 20:25:30 +1100 2012",
             "last_update":"Fri Aug 03 18:44:35 +1000 2018",
             "tags":"1.6, 1.7, blog, clean, clothes, electronic, fashion, kids, megastore, multipurpose, multistore, prestashop, responsive, sport, warehouse",
             "category":"ecommerce/prestashop/shopping",
             "live_preview_url":"https://s3.envato.com/files/232635006/01_big_promo.__large_preview.jpg"
          }
       ],
       "items_last_three_months":[
          {
             "id":"2833226",
             "item":"Avada | Responsive Multi-Purpose Theme",
             "url":"https://themeforest.net/item/avada-responsive-multipurpose-theme/2833226",
             "user":"ThemeFusion",
             "thumbnail":"https://s3.envato.com/files/254543855/Thumbnail.jpg",
             "sales":"20219",
             "rating":"5.0",
             "rating_decimal":"4.77",
             "cost":"60.00",
             "uploaded_on":"Thu Aug 16 01:28:46 +1000 2012",
             "last_update":"Mon Oct 01 04:20:42 +1000 2018",
             "tags":"blog, business, clean, corporate, creative, ecommerce, modern, multipurpose, one page, photography, portfolio, responsive, retina, woocommerce, wordpress",
             "category":"wordpress/corporate",
             "live_preview_url":"https://s3.envato.com/files/254543856/screenshots/00_preview.__large_preview.jpg"
          },
          {
             "id":"7758048",
             "item":"BeTheme - Responsive Multi-Purpose WordPress Theme",
             "url":"https://themeforest.net/item/betheme-responsive-multipurpose-wordpress-theme/7758048",
             "user":"muffingroup",
             "thumbnail":"https://s3.envato.com/files/254945433/betheme-small-preview.png",
             "sales":"10134",
             "rating":"5.0",
             "rating_decimal":"4.81",
             "cost":"59.00",
             "uploaded_on":"Wed May 21 01:35:51 +1000 2014",
             "last_update":"Fri Oct 05 22:35:39 +1000 2018",
             "tags":"boxed, business, content builder, corporate, creative, full width, mega menu, multi-purpose, multilingual, theme options, visual composer, woocommerce, wordpress, wpml",
             "category":"wordpress/corporate/business",
             "live_preview_url":"https://s3.envato.com/files/254945434/01_betheme.__large_preview.png"
          },
          {
             "id":"5556590",
             "item":"The7 — Multi-Purpose Website Building Toolkit for WordPress",
             "url":"https://themeforest.net/item/the7-responsive-multipurpose-wordpress-theme/5556590",
             "user":"Dream-Theme",
             "thumbnail":"https://s3.envato.com/files/237739549/thumbnail_v.6.0.0.png",
             "sales":"9284",
             "rating":"5.0",
             "rating_decimal":"4.76",
             "cost":"39.00",
             "uploaded_on":"Wed Sep 11 09:58:20 +1000 2013",
             "last_update":"Fri Sep 14 00:06:16 +1000 2018",
             "tags":"business, corporate, creative, custom layout, customizable, fluid, ios, mobile, photography, portfolio, seo, ultimate addons, visual composer, woocommerce, wpbakery page builder",
             "category":"wordpress/corporate",
             "live_preview_url":"https://s3.envato.com/files/238067640/the7-preview-toolkit.__large_preview.png"
          },
          {
             "id":"4519990",
             "item":"Enfold - Responsive Multi-Purpose Theme",
             "url":"https://themeforest.net/item/enfold-responsive-multipurpose-theme/4519990",
             "user":"Kriesi",
             "thumbnail":"https://s3.envato.com/files/237909933/thumb.jpg",
             "sales":"6229",
             "rating":"5.0",
             "rating_decimal":"4.83",
             "cost":"59.00",
             "uploaded_on":"Tue Apr 16 13:49:14 +1000 2013",
             "last_update":"Tue Jun 05 02:32:11 +1000 2018",
             "tags":"business, church, construction, corporate, ecommerce, fashion, hotel, multi purpose, one page, parallax, photography, portfolio, restaurant, retina, travel",
             "category":"wordpress/corporate/business",
             "live_preview_url":"https://s3.envato.com/files/126371989/1_preview.__large_preview.png"
          },
          {
             "id":"5484319",
             "item":"Flatsome | Multi-Purpose Responsive WooCommerce Theme",
             "url":"https://themeforest.net/item/flatsome-multipurpose-responsive-woocommerce-theme/5484319",
             "user":"UX-themes",
             "thumbnail":"https://s3.envato.com/files/237659484/icon.png",
             "sales":"5891",
             "rating":"5.0",
             "rating_decimal":"4.80",
             "cost":"59.00",
             "uploaded_on":"Tue Sep 03 08:36:25 +1000 2013",
             "last_update":"Tue Aug 28 16:58:31 +1000 2018",
             "tags":"builder, business, colorful, ecommerce, flat, mobile, modern, responsive, retina, shop, sticky header, touch sliders, woocommerce",
             "category":"wordpress/ecommerce/woocommerce",
             "live_preview_url":"https://s3.envato.com/files/223788050/themeforest-poster.__large_preview.png"
          },
          {
             "id":"5177775",
             "item":"Jupiter - Multi-Purpose Responsive Theme",
             "url":"https://themeforest.net/item/jupiter-multipurpose-responsive-theme/5177775",
             "user":"artbees",
             "thumbnail":"https://s3.envato.com/files/251392571/thumbnail.png",
             "sales":"5433",
             "rating":"5.0",
             "rating_decimal":"4.76",
             "cost":"59.00",
             "uploaded_on":"Mon Jul 15 13:26:02 +1000 2013",
             "last_update":"Thu Aug 02 23:29:31 +1000 2018",
             "tags":"business, clean, corporate, creative, mega menu, multi purpose, one page, page builder, parallax, portfolio, responsive, seo, woocommerce, wordpress theme, wpml",
             "category":"wordpress/corporate",
             "live_preview_url":"https://s3.envato.com/files/251392572/preview.__large_preview.jpg"
          },
          {
             "id":"7315054",
             "item":"Bridge - Creative Multi-Purpose WordPress Theme",
             "url":"https://themeforest.net/item/bridge-creative-multipurpose-wordpress-theme/7315054",
             "user":"QODE",
             "thumbnail":"https://s3.envato.com/files/245043489/icon.png",
             "sales":"4213",
             "rating":"5.0",
             "rating_decimal":"4.78",
             "cost":"59.00",
             "uploaded_on":"Thu Apr 03 15:13:07 +1100 2014",
             "last_update":"Tue Aug 28 22:40:48 +1000 2018",
             "tags":"agency, ajax, background video, blog, business, clean, creative, fullscreen, listing, modern, multi-purpose, parallax, portfolio",
             "category":"wordpress/creative",
             "live_preview_url":"https://s3.envato.com/files/245788465/01_bridge.__large_preview.png"
          },
          {
             "id":"5489609",
             "item":"Newspaper",
             "url":"https://themeforest.net/item/newspaper/5489609",
             "user":"tagDiv",
             "thumbnail":"https://s3.envato.com/files/253353268/thumbnail.png",
             "sales":"4071",
             "rating":"5.0",
             "rating_decimal":"4.85",
             "cost":"59.00",
             "uploaded_on":"Wed Sep 04 00:46:03 +1000 2013",
             "last_update":"Sat Sep 01 22:29:13 +1000 2018",
             "tags":"amp, article, bestseller, blog, editorial, fast and clean, jurnal, magazine, minimal responsive, news, newspaper, publishing, rating, review, simple theme paper",
             "category":"wordpress/blog-magazine/news-editorial",
             "live_preview_url":"https://s3.envato.com/files/253353269/preview-images/1.__large_preview.png"
          },
          {
             "id":"5871901",
             "item":"X | The Theme",
             "url":"https://themeforest.net/item/x-the-theme/5871901",
             "user":"THEMECO",
             "thumbnail":"https://s3.envato.com/files/247401498/x.png",
             "sales":"4043",
             "rating":"5.0",
             "rating_decimal":"4.75",
             "cost":"45.00",
             "uploaded_on":"Fri Nov 22 10:43:30 +1100 2013",
             "last_update":"Tue Oct 09 03:47:06 +1100 2018",
             "tags":"blog, business, clean, corporate, creative, customizer, ecommerce, gallery, modern, multipurpose, photography, portfolio, professional",
             "category":"wordpress/miscellaneous",
             "live_preview_url":"https://s3.envato.com/files/254969349/01_featured.__large_preview.png"
          },
          {
             "id":"13373220",
             "item":"Uncode - Creative Multiuse WordPress Theme",
             "url":"https://themeforest.net/item/uncode-creative-multiuse-wordpress-theme/13373220",
             "user":"undsgn",
             "thumbnail":"https://s3.envato.com/files/240190951/thumb.png",
             "sales":"3161",
             "rating":"5.0",
             "rating_decimal":"4.87",
             "cost":"59.00",
             "uploaded_on":"Wed Nov 04 07:06:15 +1100 2015",
             "last_update":"Wed Jul 25 17:49:38 +1000 2018",
             "tags":"agency, blog, corporate, creative, freelance, grid, isotope, magazine, masonry, modern, multi purpose, one page, parallax, portfolio, visual composer",
             "category":"wordpress/creative",
             "live_preview_url":"https://s3.envato.com/files/247709257/cover.__large_preview.png"
          },
          {
             "id":"4363266",
             "item":"Salient - Responsive Multi-Purpose Theme",
             "url":"https://themeforest.net/item/salient-responsive-multipurpose-theme/4363266",
             "user":"ThemeNectar",
             "thumbnail":"https://s3.envato.com/files/253434763/logo-v9.png",
             "sales":"3104",
             "rating":"5.0",
             "rating_decimal":"4.80",
             "cost":"60.00",
             "uploaded_on":"Fri Mar 29 12:48:02 +1100 2013",
             "last_update":"Tue Sep 04 07:27:53 +1000 2018",
             "tags":"blog, business, clean, creative, css3, isotope, localization, minimal, modern, parallax, photography, portfolio, seo",
             "category":"wordpress/creative/portfolio",
             "live_preview_url":"https://s3.envato.com/files/253434764/new-theme-preview.__large_preview.png"
          },
          {
             "id":"16061685",
             "item":"TheGem - Creative Multi-Purpose High-Performance WordPress Theme",
             "url":"https://themeforest.net/item/thegem-creative-multipurpose-highperformance-wordpress-theme/16061685",
             "user":"CodexThemes",
             "thumbnail":"https://s3.envato.com/files/243389173/Thumbnail-1_3-v3-a-clean_classic.png",
             "sales":"2902",
             "rating":"5.0",
             "rating_decimal":"4.80",
             "cost":"59.00",
             "uploaded_on":"Fri Aug 26 16:49:17 +1000 2016",
             "last_update":"Tue Oct 02 02:54:42 +1000 2018",
             "tags":"business theme, creative agency, creative portfolio, fashion store, fast loading, fullscreen, landing page, multi-purpose, one page, photography theme, responsive, retina, seo, visual composer, woocommerce shop",
             "category":"wordpress/creative",
             "live_preview_url":"https://s3.envato.com/files/243389174/preview-1_8_03_classic.__large_preview.jpg"
          },
          {
             "id":"6434280",
             "item":"Impreza – Multi-Purpose WordPress Theme",
             "url":"https://themeforest.net/item/impreza-retina-responsive-wordpress-theme/6434280",
             "user":"UpSolution",
             "thumbnail":"https://s3.envato.com/files/244406189/impreza_tnail.png",
             "sales":"2443",
             "rating":"5.0",
             "rating_decimal":"4.89",
             "cost":"29.00",
             "uploaded_on":"Fri Dec 20 04:27:28 +1100 2013",
             "last_update":"Fri Sep 14 00:49:45 +1000 2018",
             "tags":"blog, business, clean, corporate, creative, gallery, minimal, modern, photography, portfolio, slider, woocommerce, wordpress",
             "category":"wordpress/creative",
             "live_preview_url":"https://s3.envato.com/files/237832489/Preview/preview.__large_preview.jpg"
          },
          {
             "id":"9207399",
             "item":"Porto | Multi-Purpose Wordpress & Ultimate WooCommerce Theme",
             "url":"https://themeforest.net/item/porto-responsive-wordpress-ecommerce-theme/9207399",
             "user":"p-themes",
             "thumbnail":"https://s3.envato.com/files/255102114/Thumb-Sale.png",
             "sales":"2116",
             "rating":"5.0",
             "rating_decimal":"4.90",
             "cost":"29.00",
             "uploaded_on":"Wed Mar 25 09:27:54 +1100 2015",
             "last_update":"Tue Oct 09 18:11:03 +1100 2018",
             "tags":"bootstrap 4, business, ecommerce, fast woocommerce theme, mobile responsive ready, multipurpose, portfolio, responsive, responsive woocommerce theme, retina, rtl, shop, woocommerce, woocommerce theme, wordpress woocommerce theme",
             "category":"wordpress/ecommerce/woocommerce",
             "live_preview_url":"https://s3.envato.com/files/255102115/Preview-Sale.__large_preview.png"
          },
          {
             "id":"4021469",
             "item":"Metronic - Responsive Admin Dashboard Template",
             "url":"https://themeforest.net/item/metronic-responsive-admin-dashboard-template/4021469",
             "user":"keenthemes",
             "thumbnail":"https://s3.envato.com/files/253473895/thumnail.jpg",
             "sales":"2057",
             "rating":"5.0",
             "rating_decimal":"4.87",
             "cost":"35.00",
             "uploaded_on":"Wed Feb 13 18:18:20 +1100 2013",
             "last_update":"Tue Sep 04 05:36:39 +1000 2018",
             "tags":"admin, admin dashboard, admin template, admin themes, angular 6, AngularJS, bootstrap 4, google material design, material design, metro, metronic, premium admin templates, responsive, saas",
             "category":"site-templates/admin-templates",
             "live_preview_url":"https://s3.envato.com/files/239250453/preview/preview_01.__large_preview.jpg"
          },
          {
             "id":"4091658",
             "item":"KALLYAS - Creative eCommerce Multi-Purpose WordPress Theme",
             "url":"https://themeforest.net/item/kallyas-responsive-multipurpose-wordpress-theme/4091658",
             "user":"hogash",
             "thumbnail":"https://s3.envato.com/files/251158882/kallyas-vs416__.png",
             "sales":"2023",
             "rating":"4.5",
             "rating_decimal":"4.70",
             "cost":"69.00",
             "uploaded_on":"Sat Feb 23 02:39:59 +1100 2013",
             "last_update":"Wed Sep 12 00:36:12 +1000 2018",
             "tags":"agency, business, creative, dental medical care clinic, ecommerce, fashion magazine, graphic designer, health insurance, interior furniture, minimal portfolio, news blog hosting, personal trainer, real estate, retail shop, seo freelancer",
             "category":"wordpress/creative",
             "live_preview_url":"https://s3.envato.com/files/251832736/kallyas-wordpress-theme-4.16.__large_preview.jpg"
          },
          {
             "id":"6339019",
             "item":"Total - Responsive Multi-Purpose WordPress Theme",
             "url":"https://themeforest.net/item/total-responsive-multipurpose-wordpress-theme/6339019",
             "user":"WPExplorer",
             "thumbnail":"https://s3.envato.com/files/250902987/totaltheme_thumbnail_39.png",
             "sales":"1639",
             "rating":"5.0",
             "rating_decimal":"4.85",
             "cost":"39.00",
             "uploaded_on":"Sat Dec 07 07:54:53 +1100 2013",
             "last_update":"Tue Sep 11 09:32:17 +1000 2018",
             "tags":"agency, blog, business, corporate, creative, modern, multipurpose, photography, portfolio, responsive, shop, store, visual composer, woocommerce, wordpress",
             "category":"wordpress/corporate/business",
             "live_preview_url":"https://s3.envato.com/files/250292459/screenshots/01_total.__large_preview.png"
          },
          {
             "id":"10860525",
             "item":"Kalium - Creative Theme for Professionals",
             "url":"https://themeforest.net/item/kalium-creative-theme-for-professionals/10860525",
             "user":"Laborator",
             "thumbnail":"https://s3.envato.com/files/253431842/thumb-2-2.png",
             "sales":"1635",
             "rating":"5.0",
             "rating_decimal":"4.93",
             "cost":"60.00",
             "uploaded_on":"Mon Apr 06 06:15:10 +1000 2015",
             "last_update":"Wed Sep 26 01:29:13 +1000 2018",
             "tags":"agency, architecture, blog, clean, creative, ecommerce, kalium, minimal, modern, multipurpose, photography, portfolio, shop, shopping, woocommerce",
             "category":"wordpress/creative/portfolio",
             "live_preview_url":"https://s3.envato.com/files/254363856/preview/1_SCREENSHOT.__large_preview.jpg"
          },
          {
             "id":"9553045",
             "item":"Shopkeeper - eCommerce WP Theme for WooCommerce",
             "url":"https://themeforest.net/item/shopkeeper-ecommerce-wp-theme-for-woocommerce/9553045",
             "user":"getbowtied",
             "thumbnail":"https://s3.envato.com/files/254609114/shopkeeper-thumb.png",
             "sales":"1518",
             "rating":"4.5",
             "rating_decimal":"4.63",
             "cost":"69.00",
             "uploaded_on":"Fri Nov 28 06:45:34 +1100 2014",
             "last_update":"Tue Oct 02 17:07:36 +1000 2018",
             "tags":"cart, ecommerce, gutenberg, page builder, portfolio, responsive, retailer, shop, shopkeeper, store, vendor, visual composer, woocommerce",
             "category":"wordpress/ecommerce/woocommerce",
             "live_preview_url":"https://s3.envato.com/files/254609116/theme_preview_590_300_large_preview.__large_preview.jpg"
          },
          {
             "id":"9228123",
             "item":"Canvas | The Multi-Purpose HTML5 Template",
             "url":"https://themeforest.net/item/canvas-the-multipurpose-html5-template/9228123",
             "user":"SemiColonWeb",
             "thumbnail":"https://s3.envato.com/files/239886021/small-5.jpg",
             "sales":"1396",
             "rating":"5.0",
             "rating_decimal":"4.84",
             "cost":"17.00",
             "uploaded_on":"Wed Oct 22 17:39:38 +1100 2014",
             "last_update":"Mon Oct 01 23:53:09 +1000 2018",
             "tags":"bootstrap, business, car, construction, corporate, ecommerce, event, hosting, landing, magazine, medical, music, real-estate, shop, travel",
             "category":"site-templates/corporate",
             "live_preview_url":"https://s3.envato.com/files/239886519/screenshots/01_preview.__large_preview.jpg"
          },
          {
             "id":"14058034",
             "item":"Education WordPress Theme | Education WP",
             "url":"https://themeforest.net/item/education-wordpress-theme-education-wp/14058034",
             "user":"ThimPress",
             "thumbnail":"https://s3.envato.com/files/253326165/edumalogo-3-5.png",
             "sales":"1376",
             "rating":"5.0",
             "rating_decimal":"4.85",
             "cost":"69.00",
             "uploaded_on":"Tue Dec 22 10:04:15 +1100 2015",
             "last_update":"Wed Oct 03 12:52:47 +1000 2018",
             "tags":"academy, coursera, education, education wordpress theme, elearning, learning, learning management system, lms, teaching, training, training center, udemy, university, wordpress education theme, wp lms",
             "category":"wordpress/education",
             "live_preview_url":"https://s3.envato.com/files/254645372/01_preview_eduma.__large_preview.png"
          },
          {
             "id":"12945398",
             "item":"Soledad - Multi-Concept Blog/Magazine/News AMP WordPress Theme",
             "url":"https://themeforest.net/item/soledad-multiconcept-blogmagazine-wp-theme/12945398",
             "user":"PenciDesign",
             "thumbnail":"https://s3.envato.com/files/254020752/soledad-thumb-6.png",
             "sales":"1321",
             "rating":"5.0",
             "rating_decimal":"4.87",
             "cost":"59.00",
             "uploaded_on":"Sun Nov 15 12:39:09 +1100 2015",
             "last_update":"Thu Oct 04 02:25:10 +1000 2018",
             "tags":"blog, blogging, clean, creative, fashion, food, instagram, lifestyle, magazine, modern, news, personal, rating, travel",
             "category":"wordpress/blog-magazine/personal",
             "live_preview_url":"https://s3.envato.com/files/254723771/soledad-preview-6.__large_preview.jpg"
          },
          {
             "id":"19016121",
             "item":"The Ark | WordPress Theme made for Freelancers",
             "url":"https://themeforest.net/item/the-ark/19016121",
             "user":"FRESHFACE",
             "thumbnail":"https://s3.envato.com/files/253845166/thumb20.png",
             "sales":"1274",
             "rating":"5.0",
             "rating_decimal":"4.84",
             "cost":"29.00",
             "uploaded_on":"Mon Dec 05 21:06:41 +1100 2016",
             "last_update":"Tue Sep 18 22:22:19 +1000 2018",
             "tags":"agency, blog, business, clean, corporate, creative, magazine, multipurpose, one page, page builder, parallax, photography, portfolio, woocommerce",
             "category":"wordpress/corporate/business",
             "live_preview_url":"https://s3.envato.com/files/240014206/1.__large_preview.jpg"
          },
          {
             "id":"20715590",
             "item":"XTRA - Multipurpose WordPress Theme + RTL",
             "url":"https://themeforest.net/item/xtra-responsive-multipurpose-wordpress-theme/20715590",
             "user":"Codevz",
             "thumbnail":"https://s3.envato.com/files/254061506/thumb23-2.png",
             "sales":"1246",
             "rating":"5.0",
             "rating_decimal":"4.86",
             "cost":"19.00",
             "uploaded_on":"Tue Mar 06 07:19:43 +1100 2018",
             "last_update":"Tue Oct 09 01:44:54 +1100 2018",
             "tags":"architect interior design, barber beauty salon hair styling, Bitcoin cryptocurrency blockchain, business corporate cosultant advisor, construction building repair renovation, creative agency music studio, dentist medical sport gym caffe coffee tattoo, event & conference meeting, lawyer attorney law firm WPML, logistic transportation wedding GDPR, Minimal Photography portfolio gallery, personal blog metro magazine news, SEO digital marketing hosting industrial cleaning, startup saas mobile app landing one page, woocommerce shop store e-commerce",
             "category":"wordpress/corporate/business",
             "live_preview_url":"https://s3.envato.com/files/255080337/preview24.__large_preview.jpg"
          },
          {
             "id":"3909293",
             "item":"Phlox Pro - Elementor MultiPurpose WordPress Theme",
             "url":"https://themeforest.net/item/lotus-flexible-multipurpose-responsive-wp-theme/3909293",
             "user":"averta",
             "thumbnail":"https://s3.envato.com/files/254729378/Thumb-29.png",
             "sales":"1214",
             "rating":"4.5",
             "rating_decimal":"4.57",
             "cost":"29.00",
             "uploaded_on":"Mon Feb 18 18:30:24 +1100 2013",
             "last_update":"Sun Oct 07 23:39:27 +1100 2018",
             "tags":"agency, bitcoin, business, cryptocurrency, elementor, gutenberg, magazine, modern gallery, personal, photography, portfolio, post format, shop, woocommerce",
             "category":"wordpress/creative",
             "live_preview_url":"https://s3.envato.com/files/254729380/01_banner-29.__large_preview.png"
          },
          {
             "id":"15752549",
             "item":"Houzez - Real Estate WordPress Theme",
             "url":"https://themeforest.net/item/houzez-real-estate-wordpress-theme/15752549",
             "user":"favethemes",
             "thumbnail":"https://s3.envato.com/files/253991596/thumbnail.jpg",
             "sales":"1193",
             "rating":"5.0",
             "rating_decimal":"4.84",
             "cost":"59.00",
             "uploaded_on":"Wed Jun 15 18:08:36 +1000 2016",
             "last_update":"Tue Sep 18 06:07:32 +1000 2018",
             "tags":"advanced search, advanced search filters, agents management, autocomplete search suggestions, custom fields, drag & drop, frontend property submission, geolocation, idx, membership system, payments, property management system, radius search, real estate, responsive",
             "category":"wordpress/real-estate",
             "live_preview_url":"https://s3.envato.com/files/253991600/preview/preview_01.__large_preview.jpg"
          },
          {
             "id":"18389593",
             "item":"Fastor - Multipurpose Shopify Sections Theme",
             "url":"https://themeforest.net/item/fastor-multipurpose-responsive-shopify-theme/18389593",
             "user":"roartheme",
             "thumbnail":"https://s3.envato.com/files/248475688/thumb.png",
             "sales":"1176",
             "rating":"5.0",
             "rating_decimal":"4.93",
             "cost":"56.00",
             "uploaded_on":"Tue Oct 25 12:29:20 +1100 2016",
             "last_update":"Wed Sep 26 15:31:58 +1000 2018",
             "tags":"clothing shopify themes, fashion shopify themes, fashion store, furniture shopify themes, minimal shopify themes, multi purpose shopify themes, multipurpose, responsive, rtl, shoes store, shopify sections, shopify template, shopify templates, shopify theme, Shopping Store",
             "category":"ecommerce/shopify/fashion",
             "live_preview_url":"https://s3.envato.com/files/250715424/preview.__large_preview.jpg"
          },
          {
             "id":"7646339",
             "item":"REHub - Price Comparison, Affiliate Marketing, Multi Vendor Store, Community Theme",
             "url":"https://themeforest.net/item/rehub-directory-multi-vendor-shop-coupon-affiliate-theme/7646339",
             "user":"sizam",
             "thumbnail":"https://s3.envato.com/files/254880105/newlogo.png",
             "sales":"1094",
             "rating":"5.0",
             "rating_decimal":"4.91",
             "cost":"59.00",
             "uploaded_on":"Thu May 22 12:37:13 +1000 2014",
             "last_update":"Thu Oct 04 18:29:40 +1000 2018",
             "tags":"adsense theme, affiliate theme, amazon wordpress, autoblog, buddypress, community, coupon theme, deal theme, directory wordpress, dokan, multi vendor, price comparison wordpress theme, review, user driven, woocommerce",
             "category":"wordpress/blog-magazine",
             "live_preview_url":"https://s3.envato.com/files/254880106/screens_wp/00_preview.__large_preview.png"
          },
          {
             "id":"9545812",
             "item":"Oshine - Multipurpose Creative Theme",
             "url":"https://themeforest.net/item/oshine-creative-multipurpose-wordpress-theme/9545812",
             "user":"brandexponents",
             "thumbnail":"https://s3.envato.com/files/253634584/oshine-thumb.jpg",
             "sales":"1041",
             "rating":"5.0",
             "rating_decimal":"4.82",
             "cost":"59.00",
             "uploaded_on":"Thu Dec 04 05:11:03 +1100 2014",
             "last_update":"Wed Oct 03 22:43:13 +1000 2018",
             "tags":"agency, business, clean, creative, creative theme, gallery, minimal, modern, one page, photography, portfolio, portfolio theme, professional, responsive, woocommerce",
             "category":"wordpress/creative/portfolio",
             "live_preview_url":"https://s3.envato.com/files/253634585/01_Preview.__large_preview.jpg"
          },
          {
             "id":"19386460",
             "item":"ListingPro - WordPress Directory Theme",
             "url":"https://themeforest.net/item/listingpro-multipurpose-directory-theme/19386460",
             "user":"CridioStudio",
             "thumbnail":"https://s3.envato.com/files/254498137/thumb.png",
             "sales":"1018",
             "rating":"5.0",
             "rating_decimal":"4.75",
             "cost":"69.00",
             "uploaded_on":"Thu Apr 20 03:44:51 +1000 2017",
             "last_update":"Sat Sep 29 09:17:40 +1000 2018",
             "tags":"best wordpress directory theme, best yelp clone script, business directory software, directory software wordpress, wordpress directory theme, yellow pages script",
             "category":"wordpress/corporate/directory-listings",
             "live_preview_url":"https://s3.envato.com/files/254498138/preview.__large_preview.jpg"
          },
          {
             "id":"20264492",
             "item":"WoodMart - Responsive WooCommerce WordPress Theme",
             "url":"https://themeforest.net/item/woodmart-woocommerce-wordpress-theme/20264492",
             "user":"xtemos",
             "thumbnail":"https://s3.envato.com/files/254581986/thumbnail.png",
             "sales":"1006",
             "rating":"5.0",
             "rating_decimal":"4.95",
             "cost":"59.00",
             "uploaded_on":"Fri Aug 25 01:38:05 +1000 2017",
             "last_update":"Tue Oct 02 00:45:04 +1000 2018",
             "tags":"ajax filters, ajax search, dokan, dummy content, ecommerce, electronics, fashion, minimalism, responsive theme, retina ready, shop, store, swatches, woocommerce, wordpress theme",
             "category":"wordpress/ecommerce/woocommerce",
             "live_preview_url":"https://s3.envato.com/files/254581987/theme-preview.__large_preview.jpg"
          },
          {
             "id":"20593226",
             "item":"MyListing - Directory & Listing WordPress Theme",
             "url":"https://themeforest.net/item/mylisting-directory-listing-wordpress-theme/20593226",
             "user":"27collective",
             "thumbnail":"https://s3.envato.com/files/254253837/thumb.png",
             "sales":"947",
             "rating":"5.0",
             "rating_decimal":"4.91",
             "cost":"59.00",
             "uploaded_on":"Tue Oct 17 00:37:21 +1100 2017",
             "last_update":"Sat Sep 22 23:29:14 +1000 2018",
             "tags":"business directory, car dealer, city guide, classified, directory, elementor, events, hotel booking, jobs, listing, local business, maps, marketplace, real estate, rent",
             "category":"wordpress/corporate/directory-listings",
             "live_preview_url":"https://s3.envato.com/files/254253839/01_banner.__large_preview.jpg"
          },
          {
             "id":"13739153",
             "item":"Massive Dynamic - WordPress Website Builder",
             "url":"https://themeforest.net/item/massive-dynamic-wordpress-website-builder/13739153",
             "user":"Pixflow",
             "thumbnail":"https://s3.envato.com/files/246150878/icon-version6.png",
             "sales":"897",
             "rating":"4.5",
             "rating_decimal":"4.52",
             "cost":"39.00",
             "uploaded_on":"Tue Apr 26 23:55:05 +1000 2016",
             "last_update":"Wed Oct 03 17:08:56 +1000 2018",
             "tags":"agency, agency wordpress, app, business, Business Agency, business consulting, business wordpress, creative, live builder, page builder, resume, seo, visual composer, website builder",
             "category":"wordpress/corporate",
             "live_preview_url":"https://s3.envato.com/files/246150879/inline-version6.__large_preview.jpg"
          },
          {
             "id":"15720624",
             "item":"Electro Electronics Store WooCommerce Theme",
             "url":"https://themeforest.net/item/electro-electronics-store-woocommerce-theme/15720624",
             "user":"madrasthemes",
             "thumbnail":"https://s3.envato.com/files/253402322/electro.png",
             "sales":"896",
             "rating":"5.0",
             "rating_decimal":"4.81",
             "cost":"59.00",
             "uploaded_on":"Fri May 27 11:54:14 +1000 2016",
             "last_update":"Tue Sep 18 00:13:31 +1000 2018",
             "tags":"affiliates, amazon affiliate, amazon like, commerce, dokan, ecommerce, Electronic store, electronics, electronics theme, flipkart like, megamenu, multi vendor, multivendor, retail, vertical menu",
             "category":"wordpress/ecommerce/woocommerce",
             "live_preview_url":"https://s3.envato.com/files/253501903/00-Preview.__large_preview.jpg"
          },
          {
             "id":"12931855",
             "item":"Fuse - Angular 6+ & AngularJS & Bootstrap 4 HTML Material Design Admin Template",
             "url":"https://themeforest.net/item/fuse-angularjs-material-design-admin-template/12931855",
             "user":"srcn",
             "thumbnail":"https://s3.envato.com/files/239095526/80x80.jpg",
             "sales":"819",
             "rating":"4.5",
             "rating_decimal":"4.73",
             "cost":"28.00",
             "uploaded_on":"Wed Sep 23 23:38:17 +1000 2015",
             "last_update":"Thu Aug 30 18:18:28 +1000 2018",
             "tags":"admin, admin dashboard, admin template, angular, angular 5, angular 6, angular material, AngularJS, backend, bootstrap 4, google material, html, material, material design, web app",
             "category":"site-templates/admin-templates",
             "live_preview_url":"https://s3.envato.com/files/239095527/00_preview.__large_preview.jpg"
          },
          {
             "id":"9725864",
             "item":"Porto | Ultimate Responsive Magento Theme",
             "url":"https://themeforest.net/item/porto-ultimate-responsive-magento-theme/9725864",
             "user":"p-themes",
             "thumbnail":"https://s3.envato.com/files/253436632/thumb_mg.png",
             "sales":"818",
             "rating":"5.0",
             "rating_decimal":"4.80",
             "cost":"99.00",
             "uploaded_on":"Wed Dec 10 07:43:47 +1100 2014",
             "last_update":"Mon Sep 17 19:00:17 +1000 2018",
             "tags":"bootstrap 4 magento theme, bootstrap4, bootstrap4 ecommerce theme, magento 2, Magento2, magento2 theme, mobile friendly, responsive, responsive magento theme, retina, unlimited colors",
             "category":"ecommerce/magento/shopping",
             "live_preview_url":"https://s3.envato.com/files/253409605/preview_mg.__large_preview.png"
          },
          {
             "id":"14740561",
             "item":"Consulting - Business, Finance WordPress Theme",
             "url":"https://themeforest.net/item/consulting-business-finance-wordpress-theme/14740561",
             "user":"StylemixThemes",
             "thumbnail":"https://s3.envato.com/files/253675623/icon_consulting.png",
             "sales":"748",
             "rating":"4.5",
             "rating_decimal":"4.67",
             "cost":"59.00",
             "uploaded_on":"Thu Feb 25 14:23:13 +1100 2016",
             "last_update":"Mon Sep 10 23:32:43 +1000 2018",
             "tags":"advisor, broker, brokerage, business, business wp, company, consulting, consulting wp, corporate, creative, finance, financial, insurance, trader, trading",
             "category":"wordpress/corporate/business",
             "live_preview_url":"https://s3.envato.com/files/253675633/00_consulting_590_demos.__large_preview.png"
          },
          {
             "id":"6780226",
             "item":"WPLMS Learning Management System for WordPress, Education Theme",
             "url":"https://themeforest.net/item/wplms-learning-management-system/6780226",
             "user":"VibeThemes",
             "thumbnail":"https://s3.envato.com/files/237860758/wplms_icon_3_0.png",
             "sales":"744",
             "rating":"4.5",
             "rating_decimal":"4.50",
             "cost":"69.00",
             "uploaded_on":"Tue Feb 18 20:20:10 +1100 2014",
             "last_update":"Tue Sep 11 17:10:46 +1000 2018",
             "tags":"academy, course management, coursera, instrctor, learning management system, lms, mentoring, teaching, training centre, tutoring, udemy, university, wordpress education theme, WordPress Lms, wp lms",
             "category":"wordpress/education",
             "live_preview_url":"https://s3.envato.com/files/237860760/screenshots/01_preview1.__large_preview.jpg"
          },
          {
             "id":"22055376",
             "item":"CiyaShop - Responsive Multi-Purpose WooCommerce WordPress Theme",
             "url":"https://themeforest.net/item/ciyashop-responsive-multipurpose-woocommerce-wordpress-theme/22055376",
             "user":"Potenzaglobalsolutions",
             "thumbnail":"https://s3.envato.com/files/254415381/thum.png",
             "sales":"715",
             "rating":"5.0",
             "rating_decimal":"4.96",
             "cost":"49.00",
             "uploaded_on":"Thu Jul 26 20:45:20 +1000 2018",
             "last_update":"Thu Sep 27 16:33:13 +1000 2018",
             "tags":"Apparel woocommerce theme, cart, clothing, Clothing woocommerce theme, ecommerce, fashion, multi vendor, multipurpose, online store, shop, shopping, store, woocommerce, woocommerce theme, wordpress theme",
             "category":"wordpress/ecommerce/woocommerce",
             "live_preview_url":"https://s3.envato.com/files/254415382/01_preview.__large_preview.png"
          },
          {
             "id":"14728833",
             "item":"Jevelin Multi-Purpose Premium Responsive WordPress Theme",
             "url":"https://themeforest.net/item/jevelin-multipurpose-premium-responsive-wordpress-theme/14728833",
             "user":"Shufflehound",
             "thumbnail":"https://s3.envato.com/files/251207153/Jevelin_Tumbnail_4.png",
             "sales":"704",
             "rating":"4.5",
             "rating_decimal":"4.60",
             "cost":"59.00",
             "uploaded_on":"Wed Apr 27 13:15:24 +1000 2016",
             "last_update":"Fri Sep 21 00:34:39 +1000 2018",
             "tags":"agency, blog, corporate, ecommerce, fitness, gallery, landing, portfolio, premium, shop, template, trend, wordpress, wordpress responsive, wordpress theme",
             "category":"wordpress/creative",
             "live_preview_url":"https://s3.envato.com/files/251207154/Jevelin_Cover_3.__large_preview.png"
          },
          {
             "id":"11776839",
             "item":"Ronneby - High-Performance WordPress Theme",
             "url":"https://themeforest.net/item/ronneby-highperformance-wordpress-theme/11776839",
             "user":"DFDevelopment",
             "thumbnail":"https://s3.envato.com/files/252766439/ronneby_thumb.png",
             "sales":"701",
             "rating":"5.0",
             "rating_decimal":"4.83",
             "cost":"49.00",
             "uploaded_on":"Tue Jun 23 11:58:37 +1000 2015",
             "last_update":"Mon Aug 20 22:05:12 +1000 2018",
             "tags":"blog, corporate, creative, fullscreen, hipster, mega menu, modern, multi-purpose, parallax, portfolio, restaurant, shop, trendy, vintage, visual composer",
             "category":"wordpress/creative",
             "live_preview_url":"https://s3.envato.com/files/252766440/01_preview1.__large_preview.jpg"
          },
          {
             "id":"4260361",
             "item":"Journal - Advanced Opencart Theme",
             "url":"https://themeforest.net/item/journal-advanced-opencart-theme/4260361",
             "user":"DigitalAtelier",
             "thumbnail":"https://s3.envato.com/files/53997662/Thumbnail.png",
             "sales":"699",
             "rating":"5.0",
             "rating_decimal":"4.90",
             "cost":"49.00",
             "uploaded_on":"Wed Mar 13 16:46:00 +1100 2013",
             "last_update":"Fri Sep 28 05:56:38 +1000 2018",
             "tags":"blog, customizable, ecommerce, fast, filter, flat, fluid, fullscreen, modern, one-page checkout, opencart 3, responsive, retina, revolution",
             "category":"ecommerce/opencart",
             "live_preview_url":"https://s3.envato.com/files/252963991/01_cover.__large_preview.png"
          },
          {
             "id":"15780546",
             "item":"XStore | Responsive Multi-Purpose WooCommerce WordPress Theme",
             "url":"https://themeforest.net/item/xstore-responsive-woocommerce-theme/15780546",
             "user":"8theme",
             "thumbnail":"https://s3.envato.com/files/253967316/Icon.png",
             "sales":"688",
             "rating":"5.0",
             "rating_decimal":"4.85",
             "cost":"59.00",
             "uploaded_on":"Thu Jun 16 05:39:50 +1000 2016",
             "last_update":"Thu Oct 04 17:56:50 +1000 2018",
             "tags":"clean, ecommerce, electronic, fashion, furniture, modern, multipurpose, portfolio, responsive, shop, shopping, store, woocommerce, wordpress",
             "category":"wordpress/ecommerce/woocommerce",
             "live_preview_url":"https://s3.envato.com/files/253967611/XStore_Theme_Preview/Preview.__large_preview.jpg"
          },
          {
             "id":"13987211",
             "item":"Motors ­- Automotive, Car Dealership, Car Rental, Auto, Classified Ads, Listing WordPress Theme",
             "url":"https://themeforest.net/item/motors-automotive-cars-vehicle-boat-dealership-classifieds-wordpress-theme/13987211",
             "user":"StylemixThemes",
             "thumbnail":"https://s3.envato.com/files/250871741/Motors_icon_G42_.png",
             "sales":"652",
             "rating":"4.5",
             "rating_decimal":"4.53",
             "cost":"79.00",
             "uploaded_on":"Fri Dec 25 06:15:45 +1100 2015",
             "last_update":"Fri Sep 28 18:50:26 +1000 2018",
             "tags":"auto, automotive, car dealer, car dealership, car rental, car service, classified, classified ads, classified listing, dealership wordpress, listing, motorcycle, rent a car, vehicle listing, workshop",
             "category":"wordpress/corporate/directory-listings",
             "live_preview_url":"https://s3.envato.com/files/250871743/00_Motors_upd42.__large_preview.png"
          },
          {
             "id":"8819050",
             "item":"Stockholm - A Genuinely Multi-Concept Theme",
             "url":"https://themeforest.net/item/stockholm-a-genuinely-multiconcept-theme/8819050",
             "user":"Select-Themes",
             "thumbnail":"https://s3.envato.com/files/230681488/icon.png",
             "sales":"631",
             "rating":"4.5",
             "rating_decimal":"4.73",
             "cost":"59.00",
             "uploaded_on":"Sat Sep 13 09:04:11 +1000 2014",
             "last_update":"Sat Jul 14 01:23:15 +1000 2018",
             "tags":"agency, ajax, blog, business, clean, design, elegant, fullscreen, modern, multi-purpose, photography, portfolio, shop, stylish, white",
             "category":"wordpress/creative",
             "live_preview_url":"https://s3.envato.com/files/242390328/00_preview.__large_preview.png"
          },
          {
             "id":"19337626",
             "item":"Stack Multi-Purpose HTML with Page Builder",
             "url":"https://themeforest.net/item/stack-multipurpose-html-with-page-builder/19337626",
             "user":"medium_rare",
             "thumbnail":"https://s3.envato.com/files/252289388/thumbnail.png",
             "sales":"629",
             "rating":"5.0",
             "rating_decimal":"4.85",
             "cost":"16.00",
             "uploaded_on":"Mon Jan 30 08:08:57 +1100 2017",
             "last_update":"Fri Aug 10 15:28:57 +1000 2018",
             "tags":"app, bootstrap, business, corporate, ecommerce, education, event, landing, marketing, multipurpose, page builder, personal, portfolio, saas, startup",
             "category":"site-templates/corporate",
             "live_preview_url":"https://s3.envato.com/files/252289389/stack-item-preview.__large_preview.png"
          },
          {
             "id":"14493994",
             "item":"Bimber - Viral Magazine WordPress Theme",
             "url":"https://themeforest.net/item/bimber-viral-buzz-wordpress-theme/14493994",
             "user":"bringthepixel",
             "thumbnail":"https://s3.envato.com/files/253518710/80x80_v6_1_0.png",
             "sales":"623",
             "rating":"5.0",
             "rating_decimal":"4.82",
             "cost":"59.00",
             "uploaded_on":"Fri Feb 12 18:10:37 +1100 2016",
             "last_update":"Thu Sep 06 20:58:17 +1000 2018",
             "tags":"9gag, ads, affiliate marketing, buzzfeed, frontend uploader, poll, quiz, sharing, social media, viral, viral blog, viral content, viral magazine, viral news, viral theme",
             "category":"wordpress/blog-magazine/news-editorial",
             "live_preview_url":"https://s3.envato.com/files/251574527/wp_screenshots/01_Preview.__large_preview.png"
          },
          {
             "id":"13925633",
             "item":"BeTheme - HTML Responsive Multi-Purpose Template",
             "url":"https://themeforest.net/item/betheme-html-responsive-multipurpose-template/13925633",
             "user":"BeantownThemes",
             "thumbnail":"https://s3.envato.com/files/254890662/small-ad.png",
             "sales":"623",
             "rating":"5.0",
             "rating_decimal":"4.77",
             "cost":"16.00",
             "uploaded_on":"Tue Dec 29 15:10:05 +1100 2015",
             "last_update":"Mon Oct 01 01:44:07 +1000 2018",
             "tags":"agency, business, construction, corporate, creative, insurance, lawyer, minimal, one page, photography, portfolio, professional, real estate, responsive, vet",
             "category":"site-templates/corporate/business",
             "live_preview_url":"https://s3.envato.com/files/254536829/screenshots/01_Featured.__large_preview.jpg"
          },
          {
             "id":"9691007",
             "item":"Ella - Responsive Shopify Template (Sections Ready)",
             "url":"https://themeforest.net/item/ella-responsive-shopify-template/9691007",
             "user":"halothemes",
             "thumbnail":"https://s3.envato.com/files/248155269/ella_responsive_shopify_template.png",
             "sales":"608",
             "rating":"4.5",
             "rating_decimal":"4.74",
             "cost":"56.00",
             "uploaded_on":"Mon Dec 08 09:48:27 +1100 2014",
             "last_update":"Tue Jun 05 13:15:36 +1000 2018",
             "tags":"apparel shopify templates, clothing shopify themes, drag & drop, drag & drop shopify themes, fashion boutique, fashion shopify themes, fashion store, mega menu, multi purpose shopify themes, parallax, sections ready, sections shopify templates, sections themes, shopify sections themes",
             "category":"ecommerce/shopify/fashion",
             "live_preview_url":"https://s3.envato.com/files/248155270/ella-responsive-shopify-template-selections-ready.__large_preview.png"
          },
          {
             "id":"20432158",
             "item":"Pearl Business - Corporate Business WordPress Theme for Company and Businesses",
             "url":"https://themeforest.net/item/pearl-true-multiniche-wordpress-theme/20432158",
             "user":"StylemixThemes",
             "thumbnail":"https://s3.envato.com/files/253646118/icon.png",
             "sales":"597",
             "rating":"4.5",
             "rating_decimal":"4.61",
             "cost":"59.00",
             "uploaded_on":"Thu Aug 31 00:28:36 +1000 2017",
             "last_update":"Fri Oct 05 20:50:24 +1000 2018",
             "tags":"agency, business, company, construction, consulting, corporate, ecommerce, landing page, medical, multipurpose, music, portfolio, restaurant, startup, transportation",
             "category":"wordpress/corporate/business",
             "live_preview_url":"https://s3.envato.com/files/253549436/00_pearlpreview590_30.__large_preview.jpg"
          },
          {
             "id":"20645944",
             "item":"Pofo - Creative Agency, Corporate and Portfolio Multi-purpose Template",
             "url":"https://themeforest.net/item/pofo-creative-agency-corporate-and-portfolio-multipurpose-template/20645944",
             "user":"themezaa",
             "thumbnail":"https://s3.envato.com/files/251007797/icon.png",
             "sales":"591",
             "rating":"5.0",
             "rating_decimal":"4.91",
             "cost":"17.00",
             "uploaded_on":"Thu Oct 05 02:40:48 +1100 2017",
             "last_update":"Wed Jul 18 21:25:32 +1000 2018",
             "tags":"agency, blog, bootstrap responsive, clean, corporate, creative, html5, modern, multi-purpose, one page, personal, photography, portfolio, website template",
             "category":"site-templates/creative/portfolio",
             "live_preview_url":"https://s3.envato.com/files/251007799/preview.__large_preview.jpg"
          },
          {
             "id":"21514338",
             "item":"LeadEngine - Multi-Purpose WordPress Theme with Page Builder",
             "url":"https://themeforest.net/item/leadengine-multipurpose-wordpress-theme-with-page-builder/21514338",
             "user":"Key-Design",
             "thumbnail":"https://s3.envato.com/files/254713064/thumbnail.png",
             "sales":"586",
             "rating":"4.5",
             "rating_decimal":"4.72",
             "cost":"49.00",
             "uploaded_on":"Mon Mar 26 13:53:02 +1100 2018",
             "last_update":"Thu Aug 09 20:21:53 +1000 2018",
             "tags":"app landing page, beauty salon, business, computer repair, conference, coworking, creative agency, Life Coach, marketing agency, sales page, seo agency, software company, software showcase, startup landing page, truck",
             "category":"wordpress/corporate/business",
             "live_preview_url":"https://s3.envato.com/files/252251231/01_leadengine.__large_preview.png"
          },
          {
             "id":"6221179",
             "item":"Brooklyn | Creative Multipurpose Responsive WordPress Theme",
             "url":"https://themeforest.net/item/brooklyn-responsive-multipurpose-wordpress-theme/6221179",
             "user":"UnitedThemes",
             "thumbnail":"https://s3.envato.com/files/254256638/brooklyn-thumbnail-wp.png",
             "sales":"577",
             "rating":"4.5",
             "rating_decimal":"4.65",
             "cost":"60.00",
             "uploaded_on":"Thu Nov 28 13:59:58 +1100 2013",
             "last_update":"Sun Sep 23 01:32:27 +1000 2018",
             "tags":"agency, blog, business, clean, corporate, creative, cryptocurrency, gaming, modern, one page, page builder, photography, portfolio, professional, shop",
             "category":"wordpress/creative/portfolio",
             "live_preview_url":"https://s3.envato.com/files/254256639/brooklyn-featured-image.__large_preview.jpg"
          },
          {
             "id":"21023319",
             "item":"Pofo - Creative Portfolio and Blog WordPress Theme",
             "url":"https://themeforest.net/item/pofo-creative-portfolio-and-blog-wordpress-theme/21023319",
             "user":"themezaa",
             "thumbnail":"https://s3.envato.com/files/253443452/icon.png",
             "sales":"576",
             "rating":"4.5",
             "rating_decimal":"4.61",
             "cost":"59.00",
             "uploaded_on":"Tue Jan 23 13:48:20 +1100 2018",
             "last_update":"Fri Oct 05 23:46:51 +1000 2018",
             "tags":"agency website, blog, business, corporate, creative website, ecommerce, freelancer, html5, modern, multipurpose wordpress, one page, photography, portfolio, seo",
             "category":"wordpress/creative/portfolio",
             "live_preview_url":"https://s3.envato.com/files/253443453/preview.__large_preview.jpg"
          },
          {
             "id":"22310459",
             "item":"Marketo - ECommerce & Multivendor A Woocommerce WordPress Theme",
             "url":"https://themeforest.net/item/marketo-ecommerce-multivendor-woocommerce-wordpress-theme/22310459",
             "user":"XpeedStudio",
             "thumbnail":"https://s3.envato.com/files/254143922/thumbnail.jpg",
             "sales":"574",
             "rating":"4.5",
             "rating_decimal":"4.73",
             "cost":"19.00",
             "uploaded_on":"Sat Jul 28 06:11:12 +1000 2018",
             "last_update":"Thu Oct 04 03:32:07 +1000 2018",
             "tags":"ecommerce, Electronic store, electronics, horizontal menu, megastore, modern, multi vendor, online shop, organic, retail, store, vertical menu",
             "category":"wordpress/ecommerce/woocommerce",
             "live_preview_url":"https://s3.envato.com/files/254483252/preview/00_preview.__large_preview.jpg"
          },
          {
             "id":"21758544",
             "item":"Revolution - Creative Multi Purpose Theme",
             "url":"https://themeforest.net/item/revolution-creative-multi-purpose-theme/21758544",
             "user":"fuelthemes",
             "thumbnail":"https://s3.envato.com/files/253618376/thumbnail.jpg",
             "sales":"573",
             "rating":"5.0",
             "rating_decimal":"4.98",
             "cost":"59.00",
             "uploaded_on":"Sat Apr 14 04:02:29 +1000 2018",
             "last_update":"Tue Oct 09 05:03:39 +1100 2018",
             "tags":"blog, business, clean, corporate, creative, customizer, ecommerce, gallery, modern, multipurpose, photography, portfolio, professional",
             "category":"wordpress/corporate/business",
             "live_preview_url":"https://s3.envato.com/files/252418265/ss/01_preview.__large_preview.jpg"
          }
       ],
       "authors_last_month":[
          {
             "item":"ThemeFusion",
             "sales":"6236",
             "url":"https://themeforest.net/user/themefusion",
             "image":"https://s3.envato.com/files/181661922/profile_icon.png"
          },
          {
             "item":"muffingroup",
             "sales":"3246",
             "url":"https://themeforest.net/user/muffingroup",
             "image":"https://s3.envato.com/files/235437537/avatar_transparent.png"
          },
          {
             "item":"Dream-Theme",
             "sales":"3112",
             "url":"https://themeforest.net/user/dream-theme",
             "image":"https://s3.envato.com/files/184165032/dtavatar.png"
          },
          {
             "item":"Kriesi",
             "sales":"2097",
             "url":"https://themeforest.net/user/kriesi",
             "image":"https://s3.envato.com/files/222079652/logo.png"
          },
          {
             "item":"UX-themes",
             "sales":"1927",
             "url":"https://themeforest.net/user/ux-themes",
             "image":"https://s3.envato.com/files/221668197/Envato%20(4).jpg"
          },
          {
             "item":"AncoraThemes",
             "sales":"1800",
             "url":"https://themeforest.net/user/ancorathemes",
             "image":"https://s3.envato.com/files/243984351/ancora-thumbnails.png"
          },
          {
             "item":"QODE",
             "sales":"1527",
             "url":"https://themeforest.net/user/qode",
             "image":"https://s3.envato.com/files/49398071/qode%20thumbnail.jpg"
          },
          {
             "item":"tagDiv",
             "sales":"1438",
             "url":"https://themeforest.net/user/tagdiv",
             "image":"https://s3.envato.com/files/160105472/tagdiv-logo-new.png"
          },
          {
             "item":"Mikado-Themes",
             "sales":"1397",
             "url":"https://themeforest.net/user/mikado-themes",
             "image":"https://s3.envato.com/files/114827805/Mikado_Profile_Icon.png"
          },
          {
             "item":"artbees",
             "sales":"1341",
             "url":"https://themeforest.net/user/artbees",
             "image":"https://s3.envato.com/files/236648180/logo-artbees.png"
          },
          {
             "item":"ThemeREX",
             "sales":"1251",
             "url":"https://themeforest.net/user/themerex",
             "image":"https://s3.envato.com/files/230301480/profile-thumb.jpg"
          },
          {
             "item":"Edge-Themes",
             "sales":"1143",
             "url":"https://themeforest.net/user/edge-themes",
             "image":"https://s3.envato.com/files/230247664/EDGE_logo.png"
          },
          {
             "item":"THEMECO",
             "sales":"1131",
             "url":"https://themeforest.net/user/themeco",
             "image":"https://s3.envato.com/files/240954575/x.png"
          },
          {
             "item":"Select-Themes",
             "sales":"1116",
             "url":"https://themeforest.net/user/select-themes",
             "image":"https://s3.envato.com/files/88756553/select_themes_themeforest_icon.png"
          },
          {
             "item":"CodexThemes",
             "sales":"1099",
             "url":"https://themeforest.net/user/codexthemes",
             "image":"https://s3.envato.com/files/85480569/avatar80x80.png"
          },
          {
             "item":"GoodLayers",
             "sales":"1012",
             "url":"https://themeforest.net/user/goodlayers",
             "image":"https://s3.envato.com/files/195083621/tf-logo-2.png"
          },
          {
             "item":"undsgn",
             "sales":"1009",
             "url":"https://themeforest.net/user/undsgn",
             "image":"https://s3.envato.com/files/182230333/logo-undsgn-80.jpg"
          },
          {
             "item":"ThemeNectar",
             "sales":"1007",
             "url":"https://themeforest.net/user/themenectar",
             "image":"https://s3.envato.com/files/52077402/80by80.png"
          },
          {
             "item":"StylemixThemes",
             "sales":"998",
             "url":"https://themeforest.net/user/stylemixthemes",
             "image":"https://s3.envato.com/files/235051023/avatar-80x80.png"
          },
          {
             "item":"p-themes",
             "sales":"988",
             "url":"https://themeforest.net/user/p-themes",
             "image":"https://s3.envato.com/files/250586156/Webp.net-resizeimage.png"
          }
       ]
    }
 }